
@techreport{RStudio2014,
	author = {Rstudio},
	year = {2014},
	title = {R {Markdown} Reference Guide},
	url = {https://www.rstudio.com/wp-content/uploads/2015/03/rmarkdown-reference.pdf},
	urldate = {2023-11-29},
	publisher = {RStudio, Inc.}
}

@book{Xieetal2023,
	author = {Yihui Xie and J. J. Allaire and Garrett Grolemund},
	title = {R {Markdown}: The Definitive Guide},
	year = {2023},
	url = {https://bookdown.org/yihui/rmarkdown/},
	urldate = {2023-11-29}
}