
@article{ChamberlinIvie1947,
	title = {The spiders of {Alaska}},
	volume = {37},
	number = {10},
	journal = {Bulletin of the University of Utah},
	author = {Chamberlin, R. V. and Ivie, W.},
	year = {1947},
	pages = {1--103},
}

@article{Kerzicniketal2013,
    author = {Kerzicnik, Lauren M. and Peairs, Frank B. and Cushing, Paula E. and Draney, Michael L. and Merrill, Scott C.},
    title = "{Spider fauna of semiarid eastern {Colorado} agroecosystems: diversity, abundance, and effects of crop intensification}",
    journal = {Environmental Entomology},
    volume = {42},
    number = {1},
    pages = {131-142},
    year = {2013},
    month = {02},
    doi = {10.1603/EN12186},
}

@article{NyffelerBirkhofer2017,
 author={Nyffeler, Martin and Birkhofer, Klaus},
 year={2017},
 title={An estimated 400–800 million tons of prey are annually killed by the global spider community},
 journal={The Science of Nature},
 volume={104},
 pages={30},
 doi={10.1007/s00114-017-1440-1}
 }
 
@article{NyffelerSunderland2003,
title = {Composition, abundance and pest control potential of spider communities in agroecosystems: a comparison of European and US studies},
journal = {Agriculture, Ecosystems \& Environment},
volume = {95},
number = {2},
pages = {579--612},
year = {2003},
issn = {0167-8809},
doi = {10.1016/S0167-8809(02)00181-0},
author = {Martin Nyffeler and Keith D Sunderland},
} 


@article{Pantojaetal2010a,
 author={Alberto Pantoja and Aaron M. Hagerty and Susan Y. Emmert and Joseph C. Kuhl and Keith Pike and Juan M. Alvarez and Andrew Jensen},
 year={2010},
 title={Aphids ({Hemiptera}: {Aphididae}) associated with rhubarb ({\textit{Rheum}} spp.) in the {Matanuska} {Valley}, {Alaska}: species composition, seasonal abundance, and potential virus vectors},
 journal={Journal of the Entomological Society of British Columbia},
 volume={107},
 pages={75--81},
 url={https://journal.entsocbc.ca/index.php/journal/article/view/15}
 } 
 
@article{Pantojaetal2010b,
	title = {A seasonal survey of click beetles in a potato production area near {Palmer}, {Alaska}},
	volume = {87},
	issn = {1874-9380},
	doi = {10.1007/s12230-009-9125-8},
	number = {2},
	journal = {American Journal of Potato Research},
	author = {Pantoja, Alberto and Hagerty, Aaron M. and Emmert, Susan Y.},
	month = apr,
	year = {2010},
	pages = {188--194}
}

@article{Rypstraetal1999,
 author={Rypstra, A. and P. E. Carter and R. A Balfour and S. Marshall},
 year={1999},
 title={Architectural features of agricultural habitats and their impact on the spider inhabitants},
 journal={Journal of Arachnology},
 volume={27},
 pages={371--377},
 url={http://www.americanarachnology.org/JoA_free/JoA_v27_n1/arac_27_01_0371.pdf}
 }
 
@article{Sikesetal2013,
 title={Unexpectedly high among-habitat spider ({Aranea}e) faunal diversity from the {Arctic} {Long}-{Term} {Experimental} {Research} ({LTER}) field station at {Toolik} {Lake}, {Alaska}, {United} {States} of {America}},
 volume={145},
 doi={10.4039/tce.2013.5},
 number={2},
 journal={The Canadian Entomologist},
 publisher={Cambridge University Press},
 author={Sikes, Derek S. and Draney, Michael L. and Fleshman, Brandi}, year={2013},
 pages={219–226}
 } 
 
@article{Slowik2006,
 author={Slowik, J.},
 year={2006},
 title={A Survey of the spiders ({Arachnida}, {Araneae}) of {Chichagof} {Island}, {Alaska}, {USA}},
 journal={Journal of the Entomological Society of British Columbia},
 volume={103},
 pages={61--70},
 url={https://journal.entsocbc.ca/index.php/journal/article/view/115}
 } 
 
@article{SlowikBlagoev2012,
 author={Slowik, Jozef and Blagoev, Gergin A.},
 year={2012},
 title={A survey of spiders ({Arachnida}: {Araneae}) of {Prince} of {Wales} {Island}, {Alaska}; combining morphological and {DNA} barcode identification techniques},
 journal={Insecta Mundi},
 volume={0251},
 pages={1--12},
 url={https://digitalcommons.unl.edu/insectamundi/768}
 } 
 
@book{Ubicketal2005,
 author={Ubick, D. and N. Dup\'{e}rr\'{e} and P. E. Cushing and V. D. Roth},
 year={2005},
 title={Spiders of North America: An Identification Manual},
 publisher={American Arachnological Society},
 address={Poughkeepsie, New York}
 } 
 
@article{Uetzetal1999,
 author={Uetz, G. and J. Halaj and A. Cady},
 year={1999},
 title={Guild structure of spiders in major crops},
 journal={Journal of  Arachnology},
 volume={27},
 pages={270--280},
 url={http://www.americanarachnology.org/JoA_free/JoA_v27_n1/arac_27_01_0270.pdf}
 }

@article{YoungEdwards1990,
 author={Young, O. O. and G. B. Edwards},
 year={1990},
 title={Spiders in {United} {States} field crops and their potential effect on crop pests},
 journal={Journal of Arachnology},
 volume={18},
 pages={1--27},
 url={http://www.americanarachnology.org/JoA_free/JoA_v18_n1/JoA_v18_p1.pdf}
 } 