
@article {Ceballosetal2015,
	author = {Ceballos, Gerardo and Ehrlich, Paul R. and Barnosky, Anthony D. and Garc{\'\i}a, Andr{\'e}s and Pringle, Robert M. and Palmer, Todd M.},
	title = {Accelerated modern human{\textendash}induced species losses: Entering the sixth mass extinction},
	volume = {1},
	number = {5},
	pages = {e1400253},
	year = {2015},
	doi = {10.1126/sciadv.1400253},
	publisher = {American Association for the Advancement of Science},
	journal={Science Advances}
}

@article {Heberlingetal2021,
	author = {Heberling, J. Mason and Miller, Joseph T. and Noesgaard, Daniel and Weingart, Scott B. and Schigel, Dmitry},
	title = {Data integration enables global biodiversity synthesis},
	volume = {118},
	number = {6},
	pages = {e2018093118},
	year = {2021},
	doi = {10.1073/pnas.2018093118},
	publisher = {National Academy of Sciences},
	issn = {0027-8424},
	journal = {Proceedings of the National Academy of Sciences}
}

@article{Heidorn2008,
 author={Heidorn, P. Bryan},
 year={2008},
 title={Shedding light on the dark data in the long tail of science},
 journal={Library Trends},
 volume={57},
 number={2},
 pages={280--299},
 doi={10.1353/lib.0.0036}
 }
 
@article{Seltmannetal2017,
	author = {KATJA C. Seltmann and NEIL S. Cobb and LAWRENCE F. Gall and CHARLES R. Bartlett and M. ANNE Basham and ISABELLE Betancourt and CHRISTY Bills and BENJAMIN Brandt and RICHARD L. Brown and CHARLES Bundy and MICHAEL S. Caterino and CAITLIN Chapman and ANTHONY Cognato and JULIA Colby and STEPHEN P. Cook and KATHRYN M. Daly and LEE A. Dyer and NICO M. Franz and JON K. Gelhaus and CHRISTOPHER C. Grinter and CHARLES E. Harp and RACHEL L. Hawkins and STEVE L. Heydon and GEENA M. Hill and STACEY Huber and NORMAN Johnson and AKITO Y. Kawahara and LYNN S. Kimsey and BORIS C. Kondrattieff and FRANK-THORSTEN Krell and LUC LeBlanc and SANGMI Lee and CHRISTOPHER J. Marshall and LINDSIE M. McCabe and JOSEPH V. McHugh and KATRINA L. Menard and PAUL A. Opler and NICOLE Palffy-Muhoray and NICK Pardikes and MERRILL A. Peterson and NAOMI E. Pierce and ANDRE Poremski and DEREK S. Sikes and JASON D. Weintraub and DAVID Wikle and JENNIFER M. Zaspel and GREGORY Zolnerowich},
	title = {LepNet: The Lepidoptera of North America Network },
	journal = {Zootaxa},
	volume = {4247},
	number = {1},
	year = {2017},
	keywords = {Lepidoptera},
	issn = {1175-5334},
	pages = {73--77},
	doi = {10.11646/zootaxa.4247.1.10}
}
 
@article{NelsonShari2019,
author = {Nelson, Gil  and Ellis, Shari },
title = {The history and impact of digitization and digital data mobilization on biodiversity research},
journal = {Philosophical Transactions of the Royal Society B: Biological Sciences},
volume = {374},
number = {1763},
pages = {20170391},
year = {2019},
doi = {10.1098/rstb.2017.0391},
}

@article {RavenMiller2020,
	author = {Raven, Peter H. and Miller, Scott E.},
	title = {Here today, gone tomorrow},
	volume = {370},
	number = {6513},
	pages = {149--149},
	year = {2020},
	doi = {10.1126/science.abf1185},
	journal = {Science}
}

@article{Sikes2015,
 author={Derek S. Sikes},
 year={2015},
 title={What is a specimen? What should we count and report when managing an entomology collection?},
 journal={Newsletter of the Alaska Entomological Society},
 volume={8},
 number={1},
 pages={3--8},
 url={http://www.akentsoc.org/doc/AKES_newsletter_2015_I.pdf}
 }

@article{Sikesetal2016,
	author = {Derek S. Sikes and Kyle Copas and Tim Hirsch and John T. Longino and Dmitry Schigel},
	title = {On natural history collections, digitized and not: a response to Ferro and Flick},
	volume = {618},
	number = {},
	year = {2016},
	doi = {10.3897/zookeys.618.9986},
	publisher = {Pensoft Publishers},
	issn = {1313-2989},
	pages = {145-158},
	journal = {ZooKeys}
}

@article{Whitmoreetal2020,
 author={Voss Whitmore and Derek S. Sikes and Adam Haberski},
 year={2020},
 title={University of Alaska Museum Insect Collection specimen count verification},
 journal={Newsletter of the Alaska Entomological Society},
 volume={13},
 number={1},
 pages={26--30},
 doi={10.7299/X7M9090P},
 url={http://www.akentsoc.org/doc/AKES_newsletter_2020_n1_a08.pdf}
 }
