
@book{Argue2012a,
 author={Charles L. Argue},
 year={2012},
 title={The Pollination Biology of North American Orchids: Volume 1: North of Florida and Mexico},
 publisher={Springer-Verlag},
 address={New York},
 doi={10.1007/978-1-4614-0592-4}
}

@book{Argue2012b,
 author={Charles L. Argue},
 year={2012},
 title={The Pollination Biology of North American Orchids: Volume 2: North of Florida and Mexico},
 publisher={Springer-Verlag},
 address={New York},
 doi={10.1007/978-1-4614-0622-8}
}

@arcicle{Catling1983,
 author={Catling, P. M.},
 year={1983},
 title={Autogamy in eastern Canadian Orchidaceae: a review of current knowledge and some new observations},
 journal={Le Naturaliste Canadien},
 volume={110},
 pages={37--53}
} 

@book{Darwin1862,
	title = {The various contrivances by which orchids are fertilised by insects},
	publisher = {John Murray},
	address={London},
	author = {Darwin, Charles},
	year = {1862},
	pages = {356},
	doi={10.5962/bhl.title.37883}
}

@incollection{HapemanInoue1997,
 author={Hapeman, J. R. and K. Inoue},
 year={1997},
 title={Plant-pollinator interactions and floral radiation in \textit{Platanthera} (Orchidaceae)},
 editor={T. J. Givnish and K. J. Sytsma},
 booktitle={Molecular Evolution and Adaptive Radiation},
 pages={432--454},
 publisher={Cambridge University Press},
 address={New York}
}

@article {Olesenetal2007,
	author = {Olesen, Jens M. and Bascompte, Jordi and Dupont, Yoko L. and Jordano, Pedro},
	title = {The modularity of pollination networks},
	volume = {104},
	number = {50},
	pages = {19891--19896},
	year = {2007},
	doi = {10.1073/pnas.0706375104},
	journal = {Proceedings of the National Academy of Sciences}
}
