
@techreport{AlaskaRegionDataStewardshipTeam2020a,
	title = {Alaska {Region} {Interim} {Data} {Management} {User} {Guide} (v.3)},
	doi = {10.7944/P9JF0RT6},
	urldate = {2021-02-19},
	author = {{Alaska Region Data Stewardship Team}},
	year = {2020}
}

@techreport{AlaskaRegionDataStewardshipTeam2020b,
	title = {Alaska {Region} {Interim} {Metadata} {Guide}, V.2},
	url = {https://ak-region-dst.gitbook.io/alaska-region-mdeditor-interim-user-guide/},
	urldate = {2021-02-19},
	author = {{Alaska Region Data Stewardship Team}},
	year = {2020}
}

@article{Anderson1970,
	title = {Effects of rotenone on zooplankton communities and a study of their recovery patterns in two mountain lakes in {Alberta}},
	volume = {27},
	issn = {0015-296X},
	doi = {10.1139/f70-159},
	number = {8},
	urldate = {2021-10-25},
	journal = {Journal of the Fisheries Research Board of Canada},
	author = {Anderson, R. Stewart},
	year = {1970},
	note = {Publisher: NRC Research Press},
	pages = {1335--1356}
}

@techreport{Baxter1956,
	title = {Determine effectiveness of gill nets and sport Fish tackle in sampling of fish populations. {Work} {Plan} {No}. (d), {Job} {No}. 1.},
	doi = {10.7299/X7DZ08M1},
	institution = {{Alaska Department of Fish and Game}},
	author = {Baxter, Rae},
	year = {1956},
}

@book{Borroretal1989,
	address = {New York},
	edition = {Sixth},
	title = {An {Introduction} to the {Study} of {Insects}},
	publisher = {Harcourt Brace College Publishers},
	author = {Borror, D. J. and Triplehorn, C. A. and Johnson, N. F.},
	year = {1989}
}

@book{Bowser2021a,
	address = {Soldotna, Alaska},
	title = {Work {Journal} 2020},
	url = {https://ecos.fws.gov/ServCat/Reference/Profile/128415},
	publisher = {USFWS Kenai National Wildlife Refuge},
	author = {Bowser, Matthew L.},
	year = {2021}
}

@article{Bowseretal2020,
	author = {Bowser, Matthew L.  and Rebekah Brassfield and Annie Dziergowski and Todd Eskelin and Jennifer Hester and Magness, Dawn Robin  and Mariah McInnis and Tracy Melvin and Morton, John M.  and Joel Stone},
	title = {Towards conserving natural diversity: A biotic inventory by observations, specimens, {DNA} barcoding and high-throughput sequencing methods},
	volume = {8},
	number = {},
	year = {2020},
	doi = {10.3897/BDJ.8.e50124},
	publisher = {Pensoft Publishers},
	issn = {1314-2836},
	pages = {e50124},
	journal = {Biodiversity Data Journal}
}

@article{BowserBowser2020,
 author={Matt Bowser and Apphia Bowser},
 year={2020},
 title={A pilot study examining the diet of introduced Alaska blackfish (\textit{Dallia pectoralis} T. H. Bean, 1880) in Kenai, Alaska, by metabarcoding},
 journal={Newsletter of the Alaska Entomological Society},
 volume={13},
 number={1},
 pages={19--25},
 url={http://www.akentsoc.org/doc/AKES_newsletter_2020_n1_a07.pdf}
 }
 
@article{Brooks1957,
	address = {New Haven, Connecticut},
	journal = {Memoirs of the {Connecticut} {Academy} of {Arts} and {Sciences}},
	title = {The systematics of {North} {American} \textit{{Daphnia}}},
	volume = {13},
	publisher = {Connecticut Academy of Arts and Sciences},
	author = {Brooks, John Langdon},
	year = {1957},
	pages={1--180}
} 
 
@techreport{Chlupach1977,
	address = {Juneau, Alaska},
	type = {Federal {Aid} in {Sport} {Fish} {Restoration}, {Annual} {Performance} {Report} 1976-1977, {Project} {F}-9-9(18){G}-{III}-{D},},
	title = {Population studies of game fish and evaluation of managed lakes in the upper {Cook} {Inlet} drainage},
	url = {http://www.adfg.alaska.gov/FedAidPDFs/fredF-9-9(18)G-III-D.pdf},
	number = {1976-1977, Project F-9-9(18)G-III-D},
	urldate = {2021-10-26},
	institution = {Alaska Department of Fish and Game, Sport Fish Division},
	author = {Chlupach, Robert S.},
	year = {1977}
} 
 
@book{Collet2008,
	address = {Soldotna, Alaska},
	title = {Insects of south-central {Alaska}},
	publisher = {Kenai Watershed Forum},
	author = {Collet, Dominique M.},
	year = {2008},
} 
 
@article{Durfee2005,
	title = {Colorado {Haliplidae} ({Coleoptera}): Biogeography and identification},
	volume = {78},
	doi = {10.2317/0307.03.1},
	number = {1},
	journal = {Journal of the Kansas Entomological Society},
	author = {Richard S. Durfee and Sharon Knight Jasper and Boris C. Kondratieff},
	year = {2005},
	pages = {41--70}
} 

@article{ElbrechtLeese2017,
	title = {Validation and {Development} of {COI} {Metabarcoding} {Primers} for {Freshwater} {Macroinvertebrate} {Bioassessment}},
	volume = {5},
	issn = {2296-665X},
	doi = {10.3389/fenvs.2017.00011},
	journal = {Frontiers in Environmental Science},
	author = {Elbrecht, Vasco and Leese, Florian},
	year = {2017},
	pages = {11}
}

@book{Finlaysonetal2018,
	address = {Bethesda, Maryland},
	title = {Planning and {Standard} {Operating} {Procedures} for the {Use} of {Rotenone} in {Fish} {Management}: {Rotenone} \acr{{SOP}} {Manual}, 2nd {Edition}},
	url = {https://1fjduf35czd41a05pgltrtej-wpengine.netdna-ssl.com/rotenone-stewardship/wp-content/uploads/sites/45/2019/08/Rotenone-SOP-Manual-2nd-Edition.pdf},
	publisher = {American Fisheries Society},
	author = {Finlayson, B. and Skaar, D. and Anderson, J. and Carter, J and Duffield, D. and Flammang, M. and Jackson, C. and Overlock, J and Steinkjer, J. and Wilson, R.},
	year = {2018},
	urldate = {2020-02-11}
}

@book{GBIF2021b,
	title = {{GBIF} {Occurrence} {Download}},
	doi = {10.15468/dl.m77253},
	publisher = {GBIF.org},
	author = {{GBIF.org}},
	year = {2021}
}

@article{Hajibabaeietal2019,
	title = {{COI} metabarcoding primer choice affects richness and recovery of indicator taxa in freshwater systems},
	volume = {14},
	doi = {10.1371/journal.pone.0220953},
	number = {9},
	journal = {PLOS ONE},
	author = {Hajibabaei, Mehrdad and Porter, Teresita M. and Wright, Michael and Rudar, Josip},
	month = sep,
	year = {2019},
	pages = {e0220953}
}

@book{Haneyetal2013,
	address = {Durham, New Hampshire},
	title = {An {Image}-{Based} {Key} {To} {The} {Zooplankton} {Of} {North} {America} {Version} 5.0},
	url = {http://cfb.unh.edu/cfbkey/html/index.html},
	urldate = {2021-10-27},
	publisher = {University of New Hampshire Center for Freshwater Biology},
	author = {James F. Haney and Maria A. Aliberti and Elisha Allan and Stephanie Allard and Darren J. Bauer and Wendy Beagen and Shane R. Bradt and Brady Carlson and Sonya C. Carlson and Uyen Mai Doan and Jon Dufresne and W. Travis Godkin and Sara Greene and Amy Kaplan and Erin Maroni and Shawn Melillo and Amanda L. Murby and Juliette L. Smith and Brian Ortman and Judith E. Quist and Shayle Reed and Tiffany Rowin and Monika Schmuck and Richard S. Stemberger and Breanna Travers},
	year = {2013},
}

@book{Hatch1953,
	series = {University of {Washington} {Publications} in {Biology}},
	title = {The {Beetles} of the {Pacific} {Northwest} : {Part} 1: {Introduction} and {Adephaga}},
	volume = {16},
	url = {http://hdl.handle.net/1957/13821},
	publisher = {University of Washington},
	author = {Hatch, M. H.},
	year = {1953}
}

@article{Kenner2009,
	title = {\textit{Haliplus leechi}  {Wallis} and  {\textit{H}}.\ \textit{salmo}  {Wallis}: a new synonymy and sexual dimorphism in the relative eye separation ({Coleoptera}: {Haliplidae})},
	url = {https://journal.entsocbc.ca/index.php/journal/article/view/24},
	journal = {Journal of the Entomological Society of British Columbia},
	volume = {106},
	author = {Kenner, Rex D.},
	year = {2009}
}

@article{Kiseretal1963,
	title = {The effect of rotenone on zooplankton populations in freshwater lakes},
	volume = {92},
	issn = {0002-8487},
	doi = {10.1577/1548-8659(1963)92[17:TEOROZ]2.0.CO;2},
	number = {1},
	urldate = {2021-10-25},
	journal = {Transactions of the American Fisheries Society},
	author = {Kiser, R. W. and Donaldson, John R. and Olson, Paul R.},
	month = jan,
	year = {1963},
	note = {Publisher: John Wiley \& Sons, Ltd},
	pages = {17--24}
}

@techreport{KNWR2021,
	address = {Soldotna, Alaska},
	title = {Draft {Environmental} {Assessment}: {Northern} {Pike} {Management} in the {Miller} {Creek} {Watershed} on {Kenai} {NWR}},
	url = {https://www.fws.gov/uploadedFiles/Region_7/NWRS/Zone_2/Kenai/PDF/Draft%20EA%20Northern%20Pike%20KNWR.pdf},
	urldate = {2021-07-16},
	institution = {U.S. Fish \& Wildlife Service, Kenai National Wildlife Refuge},
	author = {{Kenai National Wildlife Refuge}},
	month = mar,
	year = {2021}
}

@article{Lerayetal2013,
	title = {A new versatile primer set targeting a short fragment of the mitochondrial {COI} region for metabarcoding metazoan diversity: application for characterizing coral reef fish gut contents},
	volume = {10},
	issn = {1742-9994},
	doi = {10.1186/1742-9994-10-34},
	number = {1},
	journal = {Frontiers in Zoology},
	author = {Leray, Matthieu and Yang, Joy Y. and Meyer, Christopher P. and Mills, Suzanne C. and Agudelo, Natalia and Ranwez, Vincent and Boehm, Joel T. and Machida, Ryuji J.},
	month = jun,
	year = {2013},
	pages = {34}
}

@article{Marx1957,
	title = {A review of the subgenus \textit{{Donacia}} in the {Western} {Hemisphere} ({Coleoptera}, {Donaciidae})},
	volume = {112},
	url = {http://hdl.handle.net/2246/1253},
	journal = {Bulletin of the American Museum of Natural History},
	author = {Marx, Edward J. F.},
	year = {1957},
	keywords = {Chrysomelidae, Donaciinae},
	pages = {195--278}
}

@techreport{Massengill2014,
	type = {Special {Publication}},
	title = {Control {Efforts} for {Invasive} {Northern} {Pike} on the {Kenai} {Peninsula}, 2009},
	url = {http://www.adfg.alaska.gov/FedAidPDFs/SP14-11.pdf},
	number = {14-11},
	urldate = {2021-02-16},
	author = {Massengill, Rob},
	year = {2014}
}

@techreport{Massengill2017,
	type = {Special {Publication}},
	title = {Stormy {Lake} {Restoration}: {Invasive} {Northern} {Pike} {Eradication}, 2012},
	url = {http://www.adfg.alaska.gov/FedAidPDFs/SP17-18.pdf},
	number = {17-18},
	urldate = {2021-02-16},
	institution = {Alaska Department of Fish and Game, Divisions of Sport Fish and Commercial Fisheries},
	author = {Massengill, Rob},
	year = {2017}
}

@book{MerrittCummins1996,
	address = {Dubuque, Iowa},
	edition = {Third},
	title = {An {Introduction} to the {Aquatic} {Insects} of {North} {America}},
	publisher = {Kendall/Hunt},
	editor = {Merritt, R. W. and Cummins, K. W.},
	year = {1996}
}

@book{Merrittetal2008,
	address = {Dubuque, Iowa},
	edition = {Fourth},
	title = {An {Introduction} to the {Aquatic} insects of {North} {America}},
	publisher = {Kendall/Hunt},
	editor = {Merritt, R. W. and Cummins, K. W. and Berg, M. B.},
	year = {2008}
}

@techreport{Meyer2021,
	author={Meyer, Benjamin},
	year={2021},
	title={Vogel Lakes Complex Water Quality Data},
	institution={Kenai Watershed Forum},
	url={https://rpubs.com/kwf/vogel_lakes_complex_wqx},
	urldate={2021-02-20}
	}
	
@article {PorterHajibabaei2020,
	author = {Porter, Teresita M. and Hajibabaei, Mehrdad},
	title = {METAWORKS: A flexible, scalable bioinformatic pipeline for multi-marker biodiversity assessments},
	elocation-id = {2020.07.14.202960},
	year = {2020},
	doi = {10.1101/2020.07.14.202960},
	publisher = {Cold Spring Harbor Laboratory},
	journal = {bioRxiv}
}

@techreport{Rach1988,
	address = {La Crosse, Wisconsin},
	type = {Report},
	title = {Acute and chronic toxicity of {Rotenone} to \textit{{Daphnia} magna}},
	url = {http://pubs.er.usgs.gov/publication/ifc92},
	language = {ENGLISH},
	number = {92},
	institution = {U.S.\ Fish and Wildlife Service, National Fisheries Research Center},
	author = {Rach, J.J. and Bills, T.D. and Marking, Leif L.},
	year = {1988}
}

@book{Reid1987,
	address = {New York},
	series = {Golden {Guide}},
	title = {Pond {Life}},
	publisher = {Golden Press},
	author = {Reid, George K.},
	editor = {Zim, Herbert S. and Fichter, George S.},
	year = {1987}
}

@incollection{Rileyetal2002,
	address = {Boca Raton, Florida},
	title = {Chrysomelidae {Latreille} 1802},
	booktitle = {American beetles, {Volume} 2. {Polyphaga}: {Scarabaeoidea} through {Curculionoidea}},
	publisher = {CRC Press},
	author = {Riley, Edward G. and Clark, Shawn M. and Flowers, R. Wills and Gilbert, Arthur J.},
	editor = {Arnett, Jr., Ross H. and Thomas, Michael C. and Skelley, Paule E. and Frank, J. Howard},
	year = {2002},
	pages = {617--691},
}

@incollection{Roughley2000,
	address = {Boca Raton, Florida},
	title = {Haliplidae {Aub\'{e}}, 1836},
	booktitle = {American {Beetles}, 1. {Archeostemata}, {Myxophaga}, {Adephaga}, {Polyphaga}: {Staphyliniformia}},
	publisher = {CRC Press},
	author = {Roughley, R. E.},
	editor = {Arnett, Jr., Ross H. and Thomas, Michael C. },
	year = {2000},
	pages = {138--143}
}

@article{SweetmanSmol2006,
	title = {Patterns in the distribution of {Cladocerans} ({Crustacea}: {Branchiopoda}) in lakes across a north–south transect in {Alaska}, {USA}},
	volume = {553},
	issn = {1573-5117},
	doi = {10.1007/s10750-005-1333-8},
	number = {1},
	journal = {Hydrobiologia},
	author = {Sweetman, Jon N. and Smol, John P.},
	year = {2006},
	pages = {277--291}
}

@techreport{USGSARC2021,
	title = {{USGS} {Yeti} {Supercomputer}},
	doi = {10.5066/F7D798MJ},
	urldate = {2021-02-22},
	institution = {U.S. Geological Survey},
	author = {{USGS Advanced Research Computing}},
	year = {2021}
}	
	
@article{Vamosetal2017,
	author = {Vamos, Ecaterina Edith  and Vasco Elbrecht and Florian Leese},
	title = {Short \acr{COI} markers for freshwater macroinvertebrate metabarcoding},
	volume = {1},
	year = {2017},
	doi = {10.3897/mbmg.1.14625},
	publisher = {Pensoft Publishers},
	pages = {e14625},
	journal = {Metabarcoding and Metagenomics}
}

@article{Wallis1933,
	title = {Revision of the {North} {American} species (north of {Mexico}) of the genus \textit{{Haliplus}} {Latreille}},
	volume = {19},
	number = {1},
	journal = {Transactions of the Royal Canadian Institute},
	author = {Wallis, J. B.},
	year = {1933},
	pages = {1--76}
}

@book{White1983,
	address = {New York},
	title = {A {Field} {Guide} to the {Beetles} of {North} {America}},
	publisher = {Houghton Mifflin Company},
	author = {White, Richard E.},
	year = {1983}
}


@article{Yangetal2017,
	title = {Zooplankton community profiling in a eutrophic freshwater ecosystem-{Lake} {Tai} {Basin} by {DNA} metabarcoding},
	volume = {7},
	issn = {2045-2322},
	doi = {10.1038/s41598-017-01808-y},
	number = {1},
	journal = {Scientific Reports},
	author = {Yang, Jianghua and Zhang, Xiaowei and Xie, Yuwei and Song, Chao and Zhang, Yong and Yu, Hongxia and Burton, G. Allen},
	month = may,
	year = {2017},
	pages = {1773}
}
	