
@misc{AlaskaNaturalHeritageProgram2011,
	title = {Yellow toadflax \textit{{Linaria} vulgaris} {P}. miller},
	url = {https://accs.uaa.alaska.edu/wp-content/uploads/Linaria_vulgaris_BIO_LIVU2.pdf},
	urldate = {2022-06-22},
	author = {{Alaska Natural Heritage Program}},
	year = {2011},
}

@phdthesis{Allison2009,
	address = {Ottawa, Ontario},
	type = {Master of {Science}},
	title = {The role of parasitoid natural enemies in the success of introduced insects},
	url = {https://curve.carleton.ca/38915176-387f-4679-a107-be1cd580999e},
	urldate = {2023-03-20},
	school = {Carleton University},
	author = {Allison, J. E.},
	year = {2009},
	doi = {10.22215/etd/2009-09013},
	file = {Full Text:C\:\\Users\\akwenninger\\Zotero\\storage\\GJHYQAB5\\Allison - 2009 - The role of parasitoid natural enemies in the succ.pdf:application/pdf},
}

@book{Bousquet1991,
	address = {Biosystematics Research Center, Ottawa, Ontario},
	title = {Checklist of beetles of {Canada} and {Alaska}},
	publisher = {Agriculture Canada Publication 1861/E},
	author = {Bousquet, Yves},
	year = {1991},
}

@article{Bousquetetal2013,
	title = {Checklist of beetles ({Coleoptera}) of {Canada} and {Alaska}. Second edition.},
	volume = {360},
	issn = {1313-2970, 1313-2989},
	doi = {10.3897/zookeys.360.4742},
	urldate = {2023-03-20},
	journal = {ZooKeys},
	author = {Bousquet, Yves and Bouchard, Patrice and Davies, Anthony and Sikes, Derek S.},
	month = dec,
	year = {2013},
	pages = {1--44}
}

@misc{GovernmentofBritishColumbia2018,
	title = {\textit{{Brachypterolus} pulicarius} {L}.},
	url = {https://www2.gov.bc.ca/assets/gov/environment/plants-animals-and-ecosystems/invasive-species/biocontrol/biocontrol-agents/brachypterolus_pulicarius.pdf},
	publisher = {Ministry of Environmental Protection and Sustainability},
	author = {{Government of British Columbia}},
	year = {2018},
}

@article{Harris1961,
	title = {Control of toadflax by \textit{{Brachypterolus} pulicarius} ({L}.) ({Coleoptera}: {Nitidulidae}) and \textit{{Gymnaetron} antirrhini} ({Payk}.) ({Coleoptera}: {Curculionidae}) in {Canada}},
	volume = {93},
	issn = {0008-347X, 1918-3240},
	doi = {10.4039/Ent93977-11},
	language = {en},
	number = {11},
	urldate = {2023-03-20},
	journal = {The Canadian Entomologist},
	author = {Harris, P.},
	month = nov,
	year = {1961},
	pages = {977--981},
}

@article{Hervey1927,
	title = {A {European} nitidulid, \textit{{Brachypterolus} pulicarius} {L}. ({Coleoptera}, {Family} {Nitidulidae}).},
	volume = {20},
	issn = {1938-291X, 0022-0493},
	doi = {10.1093/jee/20.6.809},
	language = {en},
	number = {6},
	urldate = {2023-03-20},
	journal = {Journal of Economic Entomology},
	author = {Hervey, G. E. R.},
	month = dec,
	year = {1927},
	pages = {809--814},
}

@article{Krombien1938,
	title = {Further observations on the nesting habits of \textit{{Cerceris} nigrescens} {Smith} ({Hymenoptera}: {Sphecidae})},
	volume = {49},
	journal = {Entomological News},
	author = {Krombien, K. V.},
	year = {1938},
	pages = {1--3},
}

@techreport{LambWurtz2009,
	type = {Protection {Report}},
	title = {Forest {Health} {Conditions} in {Alaska} - 2008},
	number = {R10-PR20},
	institution = {USDA Forest Service},
	editor = {Lamb, M. and Wurtz, T.},
	collaborator = {Buchholdt, T. and Burnside, R. and Frank, C. and Hennon, P. and Knight, C. and Kruse, James and Lamb, M. and Lundquist,, John and Patterson, S. and Rasy, M. and Schultz, M. and Trummer, L. and Wittwer, D. and Wurtz, T. and Zaumseil, L. and Zogas, Ken},
	month = mar,
	year = {2009},
	pages = {98},
}

@article{McClay1992,
	title = {Effects of \textit{{Brachypterolus} pulicarius} ({L.}) ({Coleoptera}: {Nitidulidae}) on flowering and seed production of common toadflax},
	volume = {124},
	issn = {0008-347X, 1918-3240},
	doi = {10.4039/Ent124631-4},
	language = {en},
	number = {4},
	urldate = {2023-03-20},
	journal = {The Canadian Entomologist},
	author = {McClay, A. S.},
	month = aug,
	year = {1992},
	pages = {631--636},
}

@incollection{Nowierski2004,
	address = {Corvallis, Oregon},
	title = {\textit{{Gymnetron} antirrhini}},
	booktitle = {Biological {Control} of {Invasive} {Plants} in the {United} {States}},
	publisher = {Oregon State University Press},
	author = {Nowierski, R. M.},
	editor = {Coombs, E. M. and Clark, J. K. and Piper, G. L. and Confrancesco, Jr, A. F.},
	year = {2004},
}

@article{Saneretal1995,
	title = {The biology of {Canadian} weeds. 105. \textit{{Linaria} vulgaris} {Mill}.},
	volume = {75},
	issn = {0008-4220, 1918-1833},
	doi = {10.4141/cjps95-092},
	language = {en},
	number = {2},
	urldate = {2023-03-20},
	journal = {Canadian Journal of Plant Science},
	author = {Saner, Marc A. and Clements, David R. and Hall, Michael R. and Doohan, Douglas J. and Crompton, Clifford W.},
	month = apr,
	year = {1995},
	pages = {525--537},
}

@techreport{Singetal2016,
	address = {Morgantown, West Virginia},
	title = {Biology and biological control of {Dalmatian} and yellow toadflax},
	edition = {Third edition},
	number = {FHTET-2016-01},
	institution = {U.S. Department of Agriculture, Forest Service, Forest Health Technology Enterprise Team},
	author = {Sing, Sharlene E. and De Clerck-Floate, Rosemarie A. and Hansen, Richard W. and Pearce, Hal and Randall, Carol B. and Toševski, Ivo and Ward, Sarah M.},
	year = {2016},
	url = {https://www.fs.usda.gov/research/treesearch/52446},
	urldate = {2023-03-21},
	pages = {141}
}

@techreport{jacobs_ecology_2006,
	address = {Bozeman, MT},
	type = {Invasive {Species} {Technical} {Note}},
	title = {Ecology and management of yellow toadflax [{Linaria} vulgaris ({L}.) {Mill}.]},
	number = {MT-6},
	institution = {USDA Natural Resources Conservation Service},
	author = {Jacobs, J. and Sing, Sharlene E.},
	year = {2006},
	pages = {9},
}

@incollection{sing_chapter_2022,
	address = {Morgantown, WV},
	title = {Chapter 26: {Biological} control of invasive {Linaria} spp. in the {Western} {United} {States}.},
	booktitle = {Contributions of {Classical} {Biological} {Control} to the {U}. {S}. {Food} {Security}, {Forestry}, and {Biodiversity}. {FHAAST}-2019-05.},
	publisher = {USDA Forest Service},
	author = {Sing, Sharlene E. and Toševski, Ivo and Ward, Sarah M. and Randall, Carol B. and Weaver, David K. and Gaffke, A. M. and Nowierski, R. M.},
	editor = {Van Driesche, R. G. and Winston, R. L. and Perring, T. M. and Lopez, V. M.},
	year = {2022},
	pages = {294--311},
}





@article{scullen_review_1965,
	title = {Review of the {Genus} {Cerceris} in {America} {North} of {Mexico} ({Hymenoptera}: {Sphecidae})},
	volume = {116},
	issn = {00963801},
	shorttitle = {Review of the {Genus} {Cerceris} in {America} {North} of {Mexico} ({Hymenoptera}},
	url = {https://repository.si.edu/handle/10088/16888},
	doi = {10.5479/si.00963801.116-3506.333},
	language = {en},
	number = {3506},
	urldate = {2023-03-20},
	journal = {Proceedings of the United States National Museum},
	author = {Scullen, Herman A.},
	year = {1965},
	pages = {333--548},
	file = {Submitted Version:C\:\\Users\\akwenninger\\Zotero\\storage\\JF9K3D4A\\Scullen - 1965 - Review of the Genus Cerceris in America North of M.pdf:application/pdf},
}

@techreport{turner_operational_2008,
	title = {Operational field guide to the propagation and establishment of the biocontrol agent \textit{{Rhinusa} antirrhini} (toadflax seed-feeder)},
	institution = {British Columbia Ministry of Forests and Range, Forest Practices Branch},
	author = {Turner, S.},
	year = {2008},
	pages = {43},
}

@techreport{Wilsonetal2005,
	address = {Morgantown, West Virginia},
	type = {},
	title = {Biology and biological control of {Dalmation} and yellow toadflax},
	number = {FHTET-2005-13},
	institution = {U.S. Department of Agriculture, Forest Service, Forest Health Technology Enterprise Team},
	author = {Wilson, L. M. and Sing, Sharlene E. and Piper, G. L. and Hansen, Richard W. and De Clerck-Floate, Rosemarie A.},
	year = {2005},
	pages = {116},
	url = {https://www.fs.usda.gov/research/treesearch/39178},
	urldate = {2023-03-21}
}

@techreport{Winstonetal2014,
	title = {Field guide for the biocontrol of weeds in the {Northwest}},
	number = {FHTET-2014-08},
	institution = {USDA Forest Service, Forest Health Technology Enterprise Team},
	author = {Winston, R. L. and Randall, Carol B. and De Clerck-Floate, Rosemarie A. and McClay, A. and Andreas, Jennifer and Schwarzländer, M.},
	year = {2014},
	pages = {333},
	url = {https://bugwoodcloud.org/resource/pdf/Field_Guides_Series/Weeds_of_the_Northwest.pdf},
	urldate = {2023-03-21}
}
