
@article{Ackerman1975,
 URL = {http://www.jstor.org/stable/41424024},
 author = {James D. Ackerman},
 journal = {Madroño},
 number = {4},
 pages = {191--198},
 publisher = {California Botanical Society},
 title = {Reproductive biology of {\textit{Goodyera}} \textit{oblongifolia} ({Orchidaceae})},
 urldate = {2023-11-24},
 volume = {23},
 year = {1975}
}

@article{Ackerman1981,
 author = {James D. Ackerman},
 journal = {Madroño},
 number = {3},
 pages = {101--110},
 publisher = {California Botanical Society},
 title = {Pollination biology of {\textit{Calypso}} \textit{bulbosa} var. \textit{occidentalis} ({Orchidaceae}): A food deception system},
 URL = {http://www.jstor.org/stable/41424311},
 urldate = {2023-11-24},
 volume = {28},
 year = {1981}
}

@book{BowlesArmstrong2019,
	author = {Bowles, M. L. and R. Armstrong},
	year = {2019},
	title = {Native Orchids in {Southeast} {Alaska}},
	url = {https://www.naturebob.com/sites/default/files/Bowles-Armstrong-2019-Native-Orchids-in-Southeast-Alaska.pdf},
	urldate = {2023-11-24},
	address = {Juneau, Alaska}
}

@article{BowlesArmstrong2021,
	author = {Bowles, M. L. and R. Armstrong},
	year = {2021},
	title = {Pollination, pilfering, and predation in an orchid pollinator network in the {Juneau} area of {Southeast} {Alaska}},
	journal = {Newsletter of the Alaska Entomological Society},
	volume = {14},
	issue = {1},
	pages = {12-25},
	url = {hhttp://www.akentsoc.org/doc/AKES_newsletter_2021_n1_a04.pdf},
	urldate = {2023-11-24},
}

@article{KudoIda2013,
 doi = {10.1890/12-2003.1},
 author = {Gaku Kudo and Takashi Y. Ida},
 journal = {Ecology},
 number = {10},
 pages = {2311--2320},
 publisher = {Ecological Society of America},
 title = {Early onset of spring increases the phenological mismatch between plants and pollinators},
 urldate = {2023-11-24},
 volume = {94},
 year = {2013}
}

@article{Schatzetal2020,
title = {Orchid-pollinator network in {Euro-Mediterranean} region: What we know, what we think we know, and what remains to be done},
journal = {Acta Oecologica},
volume = {107},
pages = {103605},
year = {2020},
issn = {1146-609X},
doi = {https://doi.org/10.1016/j.actao.2020.103605},
author = {Bertrand Schatz and David Genoud and Jean Claessens and Jacques Kleynen},
}

@article{Tuomietal2015,
	title = {Pollinator Behaviour on a Food-Deceptive Orchid {\textit{Calypso}} \textit{bulbosa} and Coflowering Species},
	volume = {2015},
	doi = {10.1155/2015/482161},
	journal = {The Scientific World Journal},
	author = {Tuomi, Juha and Lämsä, Juho and Wannas, Lauri and Abeli, Thomas and Jäkäläniemi, Anne},
	editor = {Sun, Hai-Qin},
	month = mar,
	year = {2015},
	note = {Publisher: Hindawi Publishing Corporation},
	pages = {482161},
}
