
@misc{Bowser2022pollinatorraw,
	address = {Soldotna, Alaska},
	title = {Raw metagenomic data from the {Kenai} {National} {Wildlife} {Refuge}'s 2022 pollinator project},
	copyright = {3/16/2023},
	url = {https://ecos.fws.gov/ServCat/Reference/Profile/148741},
	publisher = {USFWS Kenai National Wildlife Refuge},
	author = {Bowser, Matthew L.},
	year = {2022},
}

@article{Cameronetal2011,
	title = {Patterns of widespread decline in {North} {American} bumble bees},
	volume = {108},
	doi = {10.1073/pnas.1014743108},
	number = {2},
	urldate = {2023-03-22},
	journal = {Proceedings of the National Academy of Sciences},
	author = {Cameron, Sydney A. and Lozier, Jeffrey D. and Strange, James P. and Koch, Jonathan B. and Cordes, Nils and Solter, Leellen F. and Griswold, Terry L.},
	month = jan,
	year = {2011},
	note = {Publisher: Proceedings of the National Academy of Sciences},
	pages = {662--667},
}

  @Manual{Chamberlain2021,
    title = {{bold}: Interface to {Bold} {Systems} {API}},
    author = {Scott Chamberlain},
    year = {2021},
    note = {R package version 1.2.0},
    url = {https://CRAN.R-project.org/package=bold},
  }
  
@techreport{Fulkersonetal2021,
	address = {Anchorage, Alaska},
	title = {Bee {Survey} and {Monitoring} {Plan} for {Alaska}},
	url = {https://accs.uaa.alaska.edu/wp-content/uploads/Alaska_Bee_Atlas_2021.pdf},
	urldate = {2023-03-22},
	institution = {Alaska Center for Conservation Science, University of Alaska Anchorage},
	author = {Fulkerson, J. R. and Carlson, M. L. and Burns, C. T.},
	year = {2021},
	pages = {33},
}  

@book{KenaiNWR2010CCP,
	address = {Anchorage, Alaska},
	title = {Comprehensive {Conservation} {Plan}: {Kenai} {National} {Wildlife} {Refuge}},
	url = {https://ecos.fws.gov/ServCat/Reference/Profile/149784},
	urldate = {2022-12-13},
	publisher = {U.S. Fish \& Wildlife Service},
	author = {{Kenai National Wildlife Refuge} and {US Fish \& Wildlife Service, Alaska Regional Office, Division of Conservation Planning \& Policy}},
	shortauthor = {KNWR and DCPP},
	year = {2010},
	keywords = {CCP}
}

@article{Kohetal2016,
	title = {Modeling the status, trends, and impacts of wild bee abundance in the {United} {States}},
	volume = {113},
	doi = {10.1073/pnas.1517685113},
	number = {1},
	urldate = {2023-03-22},
	journal = {Proceedings of the National Academy of Sciences},
	author = {Koh, Insu and Lonsdorf, Eric V. and Williams, Neal M. and Brittain, Claire and Isaacs, Rufus and Gibbs, Jason and Ricketts, Taylor H.},
	month = jan,
	year = {2016},
	note = {Publisher: Proceedings of the National Academy of Sciences},
	pages = {140--145},
}

@article{PorterHajibabaei2018,
	title = {Automated high throughput animal {CO1} metabarcode classification},
	volume = {8},
	issn = {2045-2322},
	doi = {10.1038/s41598-018-22505-4},
	number = {1},
	journal = {Scientific Reports},
	author = {Porter, Teresita M. and Hajibabaei, Mehrdad},
	month = mar,
	year = {2018},
	pages = {4226},
}

@article{PorterHajibabaei2022,
    author = {Teresita M. Porter and Mehrdad Hajibabaei},
    journal = {PLOS ONE},
    publisher = {Public Library of Science},
    title = {MetaWorks: A flexible, scalable bioinformatic pipeline for high-throughput multi-marker biodiversity assessments},
    year = {2022},
    volume = {17},
    pages = {1-11},
    number = {9},
    doi = {10.1371/journal.pone.0274260}
}

@article{Pottsetal2010,
	title = {Global pollinator declines: trends, impacts and drivers},
	volume = {25},
	issn = {0169-5347},
	doi = {10.1016/j.tree.2010.01.007},
	number = {6},
	journal = {Trends in Ecology \& Evolution},
	author = {Potts, Simon G. and Biesmeijer, Jacobus C. and Kremen, Claire and Neumann, Peter and Schweiger, Oliver and Kunin, William E.},
	month = jun,
	year = {2010},
	pages = {345--353},
}

  @Manual{RCoreTeam2022,
    title = {R: A Language and Environment for Statistical Computing},
    author = {{R Core Team}},
    organization = {R Foundation for Statistical Computing},
    address = {Vienna, Austria},
    year = {2022},
    url = {https://www.R-project.org/},
  }

@techreport{USGSARC2021,
	address = {Denver, Colorado},
	title = {{USGS} {Yeti} {Supercomputer}},
	url = {https://doi.org/10.5066/F7D798MJ},
	urldate = {2021-02-22},
	institution = {U.S. Geological Survey},
	author = {{USGS Advanced Research Computing}},
	year = {2021},
}

@article{Wangetal2007,
	title = {Na√Øve {Bayesian} classifier for rapid assignment of {rRNA} sequences into the new bacterial taxonomy},
	volume = {73},
	doi = {10.1128/AEM.00062-07},
	number = {16},
	journal = {Applied and Environmental Microbiology},
	author = {Wang, Qiong and Garrity, George M. and Tiedje, James M. and Cole, James R.},
	month = aug,
	year = {2007},
	pages = {5261}
}

  @Article{Wickham2007,
    title = {Reshaping Data with the {reshape} Package},
    author = {Hadley Wickham},
    journal = {Journal of Statistical Software},
    year = {2007},
    volume = {21},
    number = {12},
    pages = {1--20},
    url = {http://www.jstatsoft.org/v21/i12/},
  }
