
@inbook{Banks1899,
	author = {Banks, N.},
	year = {1899},
	title = {Arachnida},
	editor = {Ashmead, W. H.},
	booktitle = {Reports upon the insects, mites and myriapods collected by {Dr. L. Stejneger} and {Mr. G.E.H. Barrett-Hamilton} on the {Commander Islands}. Report of {Fur-Seal Investigations}, 1896-97, 328-351},
	pages = {347-350},
	url = {https://books.google.com/books?id=ulEoAAAAYAAJ},
	urldate = {2023-11-24}
}

@article{ChamberlinIvie1947,
	title = {The {Spiders} of {Alaska}},
	volume = {37},
	number = {10},
	journal = {Bulletin of the University of Utah},
	author = {Chamberlin, R. V. and Ivie, W.},
	year = {1947},
	pages = {1--103},
}

@inbook{Keyserling1886,
	author = {Keyserling, E.},
	year = {1886},
	title = {Die {Arachniden} {Australiens}, nach der {Natur} beschrieben und abgebildet},
	booktitle = {Zweiter {Theil} [{Lieferung} 33-34]},
	publisher = {Bauer & Raspe},
	address = {Nürnberg},
	pages = {87-152, pl. 7-12},
	doi = {10.5962/bhl.title.121660}
}

@article{Paquinetal2010,
	title = {Checklist of the spiders ({Araneae}) of {Canada} and {Alaska}},
	volume = {2461},
	doi = {10.11646/zootaxa.2461.1.1},
	number = {1},
	journal = {Zootaxa},
	author = {Paquin, Pierre and Buckle, Donald J. and Dupérré, Nadine and Dondale, Charles D.},
	year = {2010},
	pages = {1--170}
}
