
@article{Wenninger2020,
 author={Alexandria Wenninger},
 year={2020},
 title={Review of the thirteenth annual meeting},
 journal={Newsletter of the Alaska Entomological Society},
 volume={13},
 number={1},
 pages={1--2},
 url={http://www.akentsoc.org/doc/AKES_newsletter_2020_n1_a01.pdf}
 }

@article{Sikes2020a,
 author={Derek S. Sikes},
 year={2020},
 title={The brown recluse spider (\textit{Loxosceles reclusa}) continues to not occur in Alaska and no specimens from Alaska have ever been archived},
 journal={Newsletter of the Alaska Entomological Society},
 volume={13},
 number={1},
 pages={3--4},
 doi={10.7299/X7CR5TNM},
 url={http://www.akentsoc.org/doc/AKES_newsletter_2020_n1_a02.pdf}
 }

@article{Duboisetal2020,
 author={Garret Dubois and Stephen Burr and Elizabeth Graham and Jason Moan and Jessie Moan and Martin Schoofs and Steve Swenson},
 year={2020},
 title={2019 Entomology Highlights from Alaskaâ€™s Forests},
 journal={Newsletter of the Alaska Entomological Society},
 volume={13},
 number={1},
 pages={5--9},
 doi={10.7299/X74B31N1},
 url={http://www.akentsoc.org/doc/AKES_newsletter_2020_n1_a03.pdf}
 }

@article{Graham2020,
 author={Elizabeth Graham},
 year={2020},
 title={Ground survey to assess hemlock sawfly population during a large-scale outbreak in Southeast Alaska},
 journal={Newsletter of the Alaska Entomological Society},
 volume={13},
 number={1},
 pages={10--14},
 doi={10.7299/X70K28X9},
 url={http://www.akentsoc.org/doc/AKES_newsletter_2020_n1_a04.pdf}
 }

@article{Sikes2020b,
 author={Derek S. Sikes},
 year={2020},
 title={Misidentifications in science: An example based on \textit{Scathophaga impudicum} (Diptera: Scathophagidae)},
 journal={Newsletter of the Alaska Entomological Society},
 volume={13},
 number={1},
 pages={15--16},
 doi={10.7299/X7VT1SF1},
 url={http://www.akentsoc.org/doc/AKES_newsletter_2020_n1_a05.pdf}
 }

@article{Haberski2020,
 author={Adam Haberski},
 year={2020},
 title={A harebrained attempt to collect during peak snowshoe hare},
 journal={Newsletter of the Alaska Entomological Society},
 volume={13},
 number={1},
 pages={17--18},
 doi={10.7299/X7R211Q0},
 url={http://www.akentsoc.org/doc/AKES_newsletter_2020_n1_a06.pdf}
 }

@article{BowserBowser2020,
 author={Matt Bowser and Apphia Bowser},
 year={2020},
 title={A pilot study examining the diet of introduced Alaska blackfish (\textit{Dallia pectoralis} T. H. Bean, 1880) in Kenai, Alaska, by metabarcoding},
 journal={Newsletter of the Alaska Entomological Society},
 volume={13},
 number={1},
 pages={19--25},
 doi={10.7299/X78052XK},
 url={http://www.akentsoc.org/doc/AKES_newsletter_2020_n1_a07.pdf}
 }

@article{Whitmoreetal2020,
 author={Voss Whitmore and Derek S. Sikes and Adam Haberski},
 year={2020},
 title={University of Alaska Museum Insect Collection specimen count verification},
 journal={Newsletter of the Alaska Entomological Society},
 volume={13},
 number={1},
 pages={26--30},
 doi={10.7299/X7M9090P},
 url={http://www.akentsoc.org/doc/AKES_newsletter_2020_n1_a08.pdf}
 }

@article{SikesRykken2020,
 author={Derek S. Sikes and Jessica J. Rykken},
 year={2020},
 title={Update to the identification guide to female Alaskan bumble bees and a summary of recent changes to the Alaskan bumble bee fauna},
 journal={Newsletter of the Alaska Entomological Society},
 volume={13},
 number={1},
 pages={31--38},
 doi={10.7299/X7GH9J8D},
 url={http://www.akentsoc.org/doc/AKES_newsletter_2020_n1_a09.pdf}
 }
