
@MastersThesis{Aspinwall1965,
  author      = {Aspinwall, Nevin},
  title       = {Spawning characteristics and early life history of the Alaskan Blackfish, Dallia pectoralis Bean},
  school      = {University of Washington},
  year        = {1965},
  type        = {Master's thesis},
  address     = {Seattle, Washington},
  file        = {:Files/Aspinwall_N_1965.pdf:PDF},
  institution = {University of Washington},
}

@book{bowser2019,
	address = {Soldotna, Alaska},
	title = {Work Journal 2019. Exported pdf version},
	doi = {10.7299/X7RB74XZ},
	publisher = {U.S. Fish \& Wildlife Service, Kenai National Wildlife Refuge.},
	author = {Bowser, Matthew L.},
	year = {2019}
}

@Article{Bowser2018,
  author  = {Matt Bowser},
  title   = {Alaska blackfish on the Kenai},
  journal = {Refuge Notebook},
  year    = {2018},
  volume  = {20},
  number  = {42},
  pages   = {84--85},
  url     = {https://www.fws.gov/uploadedFiles/Region_7/NWRS/Zone_2/Kenai/Sections/What_We_Do/In_The_Community/Refuge_Notebooks/2018_Articles/Refuge_Notebook_v20_n42.pdf},
}

@book{bowser2020,
	address = {Soldotna, Alaska},
	title = {Work Journal 2020},
	url = {https://github.com/mlbowser/journal2020},
	author = {Bowser, Matthew L.},
	year = {2020}
}

@dataset{BowserBowser2020,
  author       = {Matthew Lewis Bowser and
                  Apphia M. Bowser},
  title        = {{Raw metagenomic data from gut contents of \textit{Dallia 
                   pectoralis} specimens collected in Kenai, Alaska,
                   in 2019}},
  month        = mar,
  year         = 2020,
  publisher    = {Zenodo},
  doi          = {10.5281/zenodo.3731327}
}

@Article{Bowseretal2019,
  author  = {Matt Bowser and Miriam Bowser and Ethan Bowser and Apphia Bowser and Esther Bowser},
  title   = {Some food items of introduced Alaska blackfish (\textit{Dallia pectoralis} T. H. Bean, 1880) in Kenai, Alaska},
  journal = {Newsletter of the Alaska Entomological Society},
  year    = {2019},
  volume  = {12},
  number  = {1},
  pages   = {8--11},
  doi     = {10.7299/X7H995H7},
  url     = {http://www.akentsoc.org/doc/AKES_newsletter_2019_n1_a04.pdf},
}

@article{Bowseretal2020,
	author = {Bowser, Matthew Lewis  and Rebekah Brassfield and Annie Dziergowski and Todd Eskelin and Jennifer Hester and Magness, Dawn Robin  and Mariah McInnis and Tracy Melvin and Morton, John M.  and Joel Stone},
	title = {Towards conserving natural diversity: A biotic inventory by observations, specimens, DNA barcoding and high-throughput sequencing methods},
	volume = {8},
	number = {},
	year = {2020},
	doi = {10.3897/BDJ.8.e50124},
	publisher = {Pensoft Publishers},
	issn = {1314-2836},
	pages = {e50124},
	eprint = {https://doi.org/10.3897/BDJ.8.e50124},
	journal = {Biodiversity Data Journal}
}

@misc{Bowseretal2020sup5,
 doi={10.3897/BDJ.8.e50124.suppl5},
 author={Bowser, Matthew L.},
 title={Supplementary material 5. ASV sequences},
 year={2020}
 }
 
@article{Brodo2018,
 title={Taxonomic review of \textit{Angarotipula} Savchenko, (Diptera: Tipulidae) in North America},
 volume={150},
 doi={10.4039/tce.2017.43},
 number={1},
 journal={The Canadian Entomologist},
 publisher={Cambridge University Press},
 author={Brodo, Fenja},
 year={2018},
 pages={12–34}
 }

@TechReport{Chlupach1975,
  author      = {Robert S. Chlupach},
  title       = {Studies of Introduced Blackfish in Waters of Southcentral Alaska},
  institution = {Alaska Department of Fish and Game},
  year        = {1975},
  type        = {Annual Performance Report for Sport Fish Studies, Volume 16, Study},
  number      = {G-II},
  file        = {:Files\\Chlupach_RS_1975.pdf:PDF},
  keywords    = {Dallia pectoralis},
  url         = {http://www.sf.adfg.state.ak.us/FedAidPDFs/FREDF-9-7(16)G-II-K.pdf},
}

@article{CriscuoloGribaldo2010,
 title={BMGE (Block Mapping and Gathering with Entropy): a new software for selection of phylogenetic informative regions from multiple sequence alignments},
 volume={10},
 ISSN={1471-2148},
 doi={10.1186/1471-2148-10-210},
 number={1},
 journal={BMC Evolutionary Biology},
 publisher={Springer Nature},
 author={Criscuolo, Alexis and Gribaldo, Simonetta},
 year={2010},
 pages={210}
}

@article{DesperGascuel2002,
 title={Fast and accurate phylogeny reconstruction algorithms based on the minimum-evolution principle},
 volume={9}, 
 ISSN={1557-8666},
 doi={10.1089/106652702761034136},
 number={5}, 
 journal={Journal of Computational Biology},
 publisher={Mary Ann Liebert Inc}, 
 author={Desper, Richard and Gascuel, Olivier},
 year={2002}, 
 month={Oct},
 pages={687--705}
 }

@article {Edgar2016,
	author = {Edgar, Robert C.},
	title = {UNOISE2: improved error-correction for Illumina 16S and ITS amplicon sequencing},
	elocation-id = {081257},
	year = {2016},
	doi = {10.1101/081257},
	publisher = {Cold Spring Harbor Laboratory},
	URL = {https://www.biorxiv.org/content/early/2016/10/15/081257},
	journal = {bioRxiv}
}

@MastersThesis{Eidam2015,
  author      = {Eidam, D. M.},
  title       = {Trophic ecology of introduced populations of Alaska blackfish (\textit{Dallia pectoralis}) in the Cook Inlet Basin, Alaska},
  year        = {2015},
  file        = {:Files\\Eidam_DM_2015.pdf:PDF},
  institution = {University of Alaska Anchorage},
  url         = {https://pqdtopen.proquest.com/pubnum/1587621.html},
}

@Article{Eidametal2016,
  author   = {Eidam, Dona M. and von Hippel, Frank A. and Carlson, Matthew L. and Lassuy, Dennis R. and L{\'o}pez, J. Andr{\'e}s},
  title    = {Trophic ecology of introduced populations of Alaska blackfish (\textit{Dallia pectoralis}) in the Cook Inlet Basin, Alaska},
  journal  = {Environmental Biology of Fishes},
  year     = {2016},
  volume   = {99},
  number   = {6},
  pages    = {557--569},
  month    = {Jul},
  issn     = {1573-5133},
  day      = {01},
  doi      = {10.1007/s10641-016-0497-6},
}

@article{JunierZdobnov2010,
 title={The Newick utilities: high-throughput phylogenetic tree processing in the UNIX shell},
 volume={26},
 ISSN={1460-2059},
 doi={10.1093/bioinformatics/btq243},
 number={13},
 journal={Bioinformatics},
 publisher={Oxford University Press (OUP)},
 author={Junier, T. and Zdobnov, E. M.},
 year={2010},
 month={May},
 pages={1669--1670}
 }

@Article{Gudkov1998,
  author  = {Gudkov, P. K.},
  title   = {Bering Sea \textit{Dallia pectoralis} in the Chukchi Peninsula},
  journal = {Journal of Ichthyology},
  year    = {1998},
  volume  = {38},
  number  = {2},
  pages   = {199--203},
  file    = {:Files/Gudkov_PK_1998.pdf:PDF},
}

@article{KatohStandley2013,
 title={MAFFT multiple sequence alignment software version 7: Improvements in performance and usability},
 volume={30},
 ISSN={1537-1719},
 doi={10.1093/molbev/mst010},
 number={4},
 journal={Molecular Biology and Evolution},
 publisher={Oxford University Press (OUP)},
 author={Katoh, K. and Standley, D. M.},
 year={2013},
 month={Jan}, 
 pages={772--780}
 }

@article{KosterRahmann2012,
    author = {Köster, Johannes and Rahmann, Sven},
    title = "{Snakemake---a scalable bioinformatics workflow engine}",
    journal = {Bioinformatics},
    volume = {28},
    number = {19},
    pages = {2520--2522},
    year = {2012},
    month = {08},
    issn = {1367-4803},
    doi = {10.1093/bioinformatics/bts480}
}

@article{Lefortetal2015,
 title={FastME 2.0: A comprehensive, accurate, and fast distance-based phylogeny inference program},
 volume={32}, 
 ISSN={1537-1719},
 doi={10.1093/molbev/msv150},
 number={10}, 
 journal={Molecular Biology and Evolution},
 publisher={Oxford University Press (OUP)},
 author={Lefort, Vincent and Desper, Richard and Gascuel, Olivier}, year={2015}, 
 month={Jun}, 
 pages={2798--2800}
 }
 
@article{Lemoine_2018,
 title={Renewing Felsenstein’s phylogenetic bootstrap in the era of big data},
 volume={556}, ISSN={1476-4687},
 url={http://dx.doi.org/10.1038/s41586-018-0043-0}, DOI={10.1038/s41586-018-0043-0},
 number={7702},
 journal={Nature},
 publisher={Springer Nature},
 author={Lemoine, F. and Domelevo Entfellner, J.-B. and Wilkinson, E. and Correia, D. and Dávila Felipe, M. and De Oliveira, T. and Gascuel, O.}, year={2018},
 month={Apr}, pages={452–456}}

@article{Lemoineetal2019,
    author = {Lemoine, Frédéric and Correia, Damien and Lefort, Vincent and Doppelt-Azeroual, Olivia and Mareuil, Fabien and Cohen-Boulakia, Sarah and Gascuel, Olivier},
    title = {NGPhylogeny.fr: new generation phylogenetic services for non-specialists},
    journal = {Nucleic Acids Research},
    volume = {47},
    number = {W1},
    pages = {W260-W265},
    year = {2019},
    month = {04},
    issn = {0305--1048},
    doi = {10.1093/nar/gkz303}
}

@article{LetunicBork2019,
    author = {Letunic, Ivica and Bork, Peer},
    title = "{Interactive Tree Of Life (iTOL) v4: recent updates and new developments}",
    journal = {Nucleic Acids Research},
    volume = {47},
    number = {W1},
    pages = {W256-W259},
    year = {2019},
    month = {04},
    issn = {0305-1048},
    doi = {10.1093/nar/gkz239},
    url = {https://doi.org/10.1093/nar/gkz239}
}

@article{Martin2011,
	author = {Marcel Martin},
	title = {Cutadapt removes adapter sequences from high-throughput sequencing reads},
	journal = {EMBnet.journal},
	volume = {17},
	number = {1},
	year = {2011},
	issn = {2226-6089},	pages = {10--12},	doi = {10.14806/ej.17.1.200},
	url = {https://journal.embnet.org/index.php/embnetjournal/article/view/200}
}

@Book{Mecklenburgetal2002,
  title     = {Fishes of Alaska},
  publisher = {American Fisheries Society},
  year      = {2002},
  author    = {Mecklenburg, Catherine W. and Mecklenburg, T. Anthony and Thorsteinson, Lyman K.},
  address   = {Bethesda, Maryland},
}


@Article{OstdiekNardone1959,
  author    = {John L. Ostdiek and Roland M. Nardone},
  title     = {Studies on the Alaskan blackfish \textit{Dallia pectoralis} I. Habitat, size and stomach analyses},
  journal   = {The American Midland Naturalist},
  year      = {1959},
  volume    = {61},
  number    = {1},
  pages     = {218--229},
  issn      = {00030031, 19384238},
  publisher = {University of Notre Dame},
  url       = {http://www.jstor.org/stable/2422353},
}

@article{PorterHajibabaei2018,
	title = {Automated high throughput animal {CO1} metabarcode classification},
	volume = {8},
	issn = {2045-2322},
	url = {https://doi.org/10.1038/s41598-018-22505-4},
	doi = {10.1038/s41598-018-22505-4},
	number = {1},
	journal = {Scientific Reports},
	author = {Porter, Teresita M. and Hajibabaei, Mehrdad},
	month = mar,
	year = {2018},
	pages = {4226}
}

@article{Rognes2016,
	title = {{VSEARCH}: a versatile open source tool for metagenomics},
	volume = {4},
	issn = {2167-8359},
	doi = {10.7717/peerj.2584},
	journal = {PeerJ},
	author = {Rognes, Torbjørn and Flouri, Tomáš and Nichols, Ben and Quince, Christopher and Mahé, Frédéric},
	editor = {Hrbek, Tomas},
	month = oct,
	year = {2016},
	pages = {e2584}
}

@TechReport{StrattonCyr1997,
  author      = {Barry Stratton and Paul Cyr},
  title       = {Annual Management Report for the Anchorage Area, 1995},
  institution = {Alaska Department of Fish and Game},
  year        = {1997},
  type        = {Fishery Management Report},
  number      = {97-1},
  file        = {:Files/Stratton_B_and_P_Cyr_1997.pdf:PDF},
  keywords    = {Alaska blackfish, Dallia pectoralis},
  url         = {http://www.sf.adfg.state.ak.us/fedaidpdfs/Fmr97-01.pdf},
}

@misc{StJohn2016,
 author={St. John, J },
 year={2016},
 url={https://github.com/jstjohn/SeqPrep},
 title={SeqPrep}
 }
 
@article {Wang2007,
	author = {Wang, Qiong and Garrity, George M. and Tiedje, James M. and Cole, James R.},
	title = {Na{\"\i}ve Bayesian classifier for rapid assignment of rRNA sequences into the new bacterial taxonomy},
	volume = {73},
	number = {16},
	pages = {5261--5267},
	year = {2007},
	doi = {10.1128/AEM.00062-07},
	publisher = {American Society for Microbiology Journals},
	issn = {0099-2240},
	URL = {https://aem.asm.org/content/73/16/5261},
	journal = {Applied and Environmental Microbiology}
}
 
