
@book{Kochetal2012,
 author={Koch, J. and Strange, J. P. and Williams, P.},
 year={2012},
 title={Bumble bees of the western United States},
 publisher={U.S.\ Forest Service and the Pollinator Partnership},
 url={https://www.pollinator.org/pollinator.org/assets/generalFiles/BumbleBee.GuideWestern.FINAL.pdf}
}

@mastersthesis{Pampell2010,
 author={Pampell, R.},
 year={2010},
 title={Survey of \textit{Bombus} species (Hymenoptera: Apidae) near agricultural lands in Interior Alaska},
 school={University of Alaska Fairbanks},
 address={Fairbanks, Alaska},
 url={http://hdl.handle.net/11122/8591}
}

@article{Pampell2013,
 author={Pampell, R.},
 year={2013},
 title={Color guide to Alaskan bumble bees},
 journal={Newsletter of the Alaska Entomological Society},
 volume={6},
 issue={1},
 pages={7--10},
 url={http://www.akentsoc.org/doc/AKES_newsletter_2013_I.pdf}
}

@article{Pampelletal2012,
 author={Pampell, R. and A. Pantoja and D. Sikes and P. Holloway and C. Knight},
 year={2012},
 title={A guide to bumblebees of the Interior: a taxonomic key and notes on \textit{Bombus} species},
 journal={Agroborealis},
 volume={42},
 pages={56--67},
 url={http://hdl.handle.net/11122/1609}
}

@article{Pampelletal2015,
	author = {Rehanon Pampell and Derek Sikes and Alberto Pantoja and Patricia Holloway and Charles Knight and Richard Ranft},
	title = {Bumble bees (Hymenoptera: Apidae: \textit{Bombus} spp.) of Interior Alaska: species composition, distribution, seasonal biology, and parasites},
	volume = {3},
	year = {2015},
	doi = {10.3897/BDJ.3.e5085},
	publisher = {Pensoft Publishers},
	issn = {1314-2836},
	pages = {e5085},
	journal = {Biodiversity Data Journal}
}


