
@article{Furnissetal2001,
 author={Malcolm M. Furniss and Edward H. Holsten and M. Joan Foote and Mark Bertram},
 year={2001},
 title={Biology of a Willow Leafblotch Miner, \textit{Micrurapteryx salicifoliella}, (Lepidoptera: Gracillariidae) in Alaska},
 volume={30},
 issue={4},
 pages={736--741},
 doi={10.1603/0046-225X-30.4.736}
 }
