
@article{Franketal2004,
title = {The distinctiveness of ionic and nonionic bitter stimuli},
journal = {Physiology \& Behavior},
volume = {80},
number = {4},
pages = {421--431},
year = {2004},
issn = {0031-9384},
doi = {10.1016/j.physbeh.2003.09.009},
url = {http://www.sciencedirect.com/science/article/pii/S0031938403003007},
author = {Marion E Frank and Brian P Bouverat and Bruce I MacKinnon and Thomas P Hettinger}
}

@article{Krebsetal2001,
    author = {Krebs, Charles J. and Boonstra, Rudy and Boutin, Stan and Sinclair, A.R.E.},
    title = "{What Drives the 10-year Cycle of Snowshoe Hares?: The ten-year cycle of snowshoe hares---one of the most striking features of the boreal forest---is a product of the interaction between predation and food supplies, as large-scale experiments in the yukon have demonstrated}",
    journal = {BioScience},
    volume = {51},
    number = {1},
    pages = {25--35},
    year = {2001},
    month = {01},
    issn = {0006-3568},
    doi = {10.1641/0006-3568(2001)051[0025:WDTYCO]2.0.CO;2}
}


