
@techreport{Hardetal1976,
 author={John S. Hard and Torolf R. Torgersen and Donald C. Schmiege},
 title={Hemlock Sawfly},
 url={https://www.fs.usda.gov/Internet/FSE_DOCUMENTS/fsbdev2_043539.pdf},
 year={1976},
 type={Forest Insect \& Disease Leaflet},
 number={31},
 address={Juneau, Alaska}
 }