
@book{Coke1628,
 author={Coke, Edward},
 title={The First Part of the Institutes of the Lawes of England, or, A Commentary upon Littleton, not the Name of the Author Only, but of the Law It Selfe},
 year={1628},
 address={London},
 publisher={Printed for the Societie of Stationers},
 url={https://archive.org/details/firstpartofinsti011628coke}
 }
 
@article {Croll2005,
	author = {Croll, D. A. and Maron, J. L. and Estes, J. A. and Danner, E. M. and Byrd, G. V.},
	title = {Introduced predators transform subarctic islands from grassland to tundra},
	volume = {307},
	number = {5717},
	pages = {1959--1961},
	year = {2005},
	doi = {10.1126/science.1108485},
	publisher = {American Association for the Advancement of Science},
	issn = {0036-8075},
	URL = {https://science.sciencemag.org/content/307/5717/1959},
	journal = {Science}
}

@book{GBIF2020Scathophagalitorea,
 author={{GBIF Secretariat}},
 title={\textit{Scathophaga litorea} (Fallen, 1819) \textit{in} GBIF Backbone Taxonomy. Checklist dataset accessed via GBIF.org on 2020-04-15},
 url={https://www.gbif.org/species/1556255},
 doi={10.15468/39omei},
 year=2020
 }

@article{Maronetal2006,
author = {Maron, John L. and Estes, James A. and Croll, Donald A. and Danner, Eric M. and Elmendorf, Sarah C. and Buckelew, Stacey L.},
title = {An introduced predator alters {Aleutian} island plant communities by thwarting nutrient subsidies},
journal = {Ecological Monographs},
volume = {76},
number = {1},
pages = {3--24},
doi = {10.1890/05-0496},
year = {2006}
}

@article{Packeretal2018,
author = {Packer, Laurence and Monckton, Spencer K. and Onuferko, Thomas M. and Ferrari, Rafael R.},
title = {Validating taxonomic identifications in entomological research},
journal = {Insect Conservation and Diversity},
volume = {11},
number = {1},
pages = {1--12},
doi = {10.1111/icad.12284},
year = {2018}
}

@article{Sifner2008,
 author={\v{S}ifner, F.},
 year={2008},
 title={A catalogue of the Scathophagidae (Diptera) of the Palaearctic region, with notes on their taxonomy and faunistics},
 journal={Acta Entomologica Musei Nationalis Pragae},
 volume=48,
 number=1,
 pages={111--196},
 url={http://www.aemnp.eu/pdf/48_1/48_1_111.pdf}
 }

@incollection{Vockeroth1965,
	address = {Washington, D.C.},
	title = {Subfamily {Scatophaginae}},
	url = {https://naldc-legacy.nal.usda.gov/naldc/catalog.xhtml?id=CAT87208336},
	booktitle = {A catalogue of the {Diptera} of {America} north of {Mexico}},
	publisher = {Agricultural Research Service, United States Department of Agriculture},
	author = {Vockeroth, J. R.},
	editor = {Stone, A. and Sabrosky, C. W. and Wirth, W. W. and Foote, R. H. and Coulson, J. R.},
	year = {1965},
	pages = {826--842}
}

@article{Walkeretal2013,
author = {Lawrence R. Walker and Derek S. Sikes and Anthony R. Degange and Stephen C. Jewett and Gary Michaelson and Sandra L. Talbot and Stephen S. Talbot and Bronwen Wang and Jeffrey C. Williams},
title = {Biological legacies: Direct early ecosystem recovery and food web reorganization after a volcanic eruption in Alaska},
journal = {Ã‰coscience},
volume = {20},
number = {3},
pages = {240--251},
year  = {2013},
publisher = {Taylor \& Francis},
doi = {10.2980/20-3-3603},
}


 