
@article{Bowser2013,
 author={Bowser, M. L.},
 year={2013},
 title={Black widows take terminal trips to Alaska},
 url={https://www.fws.gov/refuge/Kenai/community/2013_article/10252013.html},
 journal={Refuge Notebook}
 }

@book{GBIF2020,
 author={{GBIF Secretariat}},
 title={\textit{Loxosceles reclusa} Gertsch \& Mulaik \textit{in} GBIF Backbone Taxonomy. Checklist dataset accessed via GBIF.org on 2020-03-24},
 url={https://www.gbif.org/species/5170704},
 year=2020
 }

@article{Huhta1972,
 author={Huhta, V.},
 year={1972},
 title={\textit{Loxosceles laeta} (Nicolet) (Araneae, Loxoscelinae), a venomous spider established in a building in Helsinki, Finland, and notes on some other synanthropic spiders},
 journal={Annales Entomologicae Fennicae},
 volume={38},
 pages={152--156}
 }
 
@book{iNaturalist2020,
 author={iNaturalist.org},
 title={Observations. Brown Recluse},
 year={2020},
 url={https://www.inaturalist.org/observations?taxon_id=50181}
 } 
 
@article{Nicholls2016,
 author={Nicholls, H.},
 year={2016},
 title={The museum filled with venomous spiders that just won't die},
 journal={BBC Future},
 url={https://www.bbc.com/future/article/20160413-the-museum-filled-with-poisonous-spiders-that-just-wont-die}
 }
 
@article{Sikes2012,
 author={Sikes, D. S.},
 year={2012},
 title={Leggy! Live Spiders and their Relatives—a special exhibit in the University of Alaska Museum of the North, January 14 through May 5, 2012},
 journal={Newsletter of the Alaska Entomological Society},
 volume={5},
 pages={6--9},
 url={http://www.akentsoc.org/doc/AKES_newsletter_2012_I.pdf}
 }

@article{Sikesetal2017,
author = {Sikes, Derek S. and Bowser, Matthew and Daly, Kathryn and Høye, Toke T. and Meierotto, Sarah and Mullen, Logan and Slowik, Jozef and Stockbridge, Jill},
title = {The value of museums in the production, sharing, and use of entomological data to document hyperdiversity of the changing North},
journal = {Arctic Science},
volume = {3},
number = {3},
pages = {498--514},
year = {2017},
doi = {10.1139/as-2016-0038}
} 
 
@dataset{Simpsonetal2019,
 author={Simpson, A. and Eyler, M. C. and Sikes, D. and Bowser, M. and  Sellers, E. and Guala, G. F. and Cannister, M. and Libby, R. and Kozlowski, N.},
 title={A comprehensive list of non-native species established in three major regions of the United States: Version 2.0},
 year={2019},
 doi={10.5066/P9E5K160},
 publisher={U.S.\ Geological Survey}
}

@article{VetterBush2002,
    author = {Vetter, Richard S. and Bush, Sean P.},
    title = "{Reports of presumptive brown recluse spider bites reinforce improbable diagnosis in regions of North America where the spider is not endemic}",
    journal = {Clinical Infectious Diseases},
    volume = {35},
    number = {4},
    pages = {442--445},
    year = {2002},
    month = {08},
    issn = {1058-4838},
    doi = {10.1086/341244}
}
