
@article{MunozPrice2019,
    author = {Mu\~{n}oz, Martha M and Price, Samantha A},
    title = "{The future is bright for evolutionary morphology and biomechanics in the era of big data}",
    journal = {Integrative and Comparative Biology},
    volume = {59},
    number = {3},
    pages = {599--603},
    year = {2019},
    month = {06},
    issn = {1540-7063},
    doi = {10.1093/icb/icz121}
}

@Manual{RCoreTeam2016,
    title = {R: A Language and Environment for Statistical Computing},
    author = {{R Core Team}},
    organization = {R Foundation for Statistical Computing},
    address = {Vienna, Austria},
    year = {2016},
    url = {https://www.R-project.org/},
  }


@article{Sikes2015,
 author={Derek S. Sikes},
 year={2015},
 title={What is a specimen? What should we count and report
when managing an entomology collection?},
 journal={Newsletter of the Alaska Entomological Society},
 volume={8},
 issure={1},
 pages={3--8},
 url={http://www.akentsoc.org/doc/AKES_newsletter_2015_I.pdf}
 }

@article{Sikesetal2016,
	author = {Derek S. Sikes and Kyle Copas and Tim Hirsch and John T. Longino and Dmitry Schigel},
	title = {On natural history collections, digitized and not: a response to Ferro and Flick},
	volume = {618},
	number = {},
	year = {2016},
	doi = {10.3897/zookeys.618.9986},
	publisher = {Pensoft Publishers},
	issn = {1313-2989},
	pages = {145--158},
	journal = {ZooKeys}
}

@article{vanderValketal2017,
author = {van der Valk, Tom and Lona Durazo, Frida and Dal\'{e}n, Love and Guschanski, Katerina},
title = {Whole mitochondrial genome capture from faecal samples and museum-preserved specimens},
journal = {Molecular Ecology Resources},
volume = {17},
number = {6},
pages = {e111--e121},
year = {2017},
doi = {10.1111/1755-0998.12699}
}

@article{Welickyetal2019,
title = {Understanding growth relationships of African cymothoid fish parasitic isopods using specimens from museum and field collections},
journal = {International Journal for Parasitology: Parasites and Wildlife},
volume = 8,
pages = {182--187},
year = 2019,
issn = {2213-2244},
doi = {10.1016/j.ijppaw.2019.02.002},
url = {http://www.sciencedirect.com/science/article/pii/S2213224418301457},
author = {Rachel L. Welicky and Wynand Malherbe and Kerry A. Hadfield and Nico J. Smit}
}


