
@book{Cranshaw2004,
	address = {Princeton, New Jersey},
	title = {Garden insects of {North} {America}: {The} {Ultimate} {Guide} to {Backyard} {Bugs}},
	publisher = {Princeton University Press},
	author = {Cranshaw, W},
	year = {2004},
}

@book{Felt1906,
	series = {New {York} {State} {Museum} {Bulletin}},
	title = {21st report of the state entomologist on injurious and other insects of the {State} of {New} {York} 1905},
	url = {https://nysl.ptfs.com/data/Library1/91004.PDF},
	number = {104},
	urldate = {2022-03-09},
	publisher = {New York State Education Department},
	author = {Felt, E. P.},
	year = {1906}
}

@book{GagneJaschhof2021,
	edition = {Fifth},
	title = {A {Catalog} of the {Cecidomyiidae} ({Diptera}) of the {World}},
	url = {https://www.ars.usda.gov/ARSUserFiles/80420580/Gagne_Jaschhof_2021_World_Cat_5th_Ed.pdf},
	urldate = {2022-03-09},
	author = {Gagn√©, Raymond J. and Jaschhof, Mathias},
	year = {2021}
}
