@article{AndersonPeck1985,
	title = {The carrion beetles of {Canada} and {Alaska}. {Coleoptera}: {Silphidae} and {Agyrtidae}. ({Insects} and {Arachnids} of {Canada}, {Part} 13).},
	journal = {Ottawa, Canada: Canadian Government Pub. Centre, Supply and Services Canada,},
	author = {Anderson, Robert S and Peck, Stewart B},
	year = {1985},
	pages = {1--121},
}

@article{BygarskiLeBlanc2013,
	title = {Decomposition and {Arthropod} {Succession} in {Whitehorse}, {Yukon} {Territory}, {Canada}},
	volume = {58},
	issn = {00221198},
	url = {https://onlinelibrary.wiley.com/doi/10.1111/1556-4029.12032},
	doi = {10.1111/1556-4029.12032},
	language = {en},
	number = {2},
	urldate = {2022-03-28},
	journal = {Journal of Forensic Sciences},
	author = {Bygarski, Katherine and LeBlanc, Helene N.},
	year = {2013},
	pages = {413--418},
}

@article{Caietal2022,
	title = {Integrated phylogenomics and fossil data illuminate the evolution of beetles},
	volume = {9},
	issn = {2054-5703},
	url = {https://royalsocietypublishing.org/doi/10.1098/rsos.211771},
	doi = {10.1098/rsos.211771},
	language = {en},
	number = {3},
	urldate = {2022-04-06},
	journal = {Royal Society Open Science},
	author = {Cai, Chenyang and Tihelka, Erik and Giacomelli, Mattia and Lawrence, John F. and Ślipiński, Adam and Kundrata, Robin and Yamamoto, Shûhei and Thayer, Margaret K. and Newton, Alfred F. and Leschen, Richard A. B. and Gimmel, Matthew L. and Lü, Liang and Engel, Michael S. and Bouchard, Patrice and Huang, Diying and Pisani, Davide and Donoghue, Philip C. J.},
	month = mar,
	year = {2022},
	pages = {211771},
}

@article{sampson_preliminary_2020,
	title = {A {Preliminary} {Forensic} {Entomological} {Study} of {Beetles} ({Coleoptera}) in {Interior} {Alaska}, {USA}*},
	volume = {65},
	issn = {0022-1198, 1556-4029},
	url = {https://onlinelibrary.wiley.com/doi/10.1111/1556-4029.14523},
	doi = {10.1111/1556-4029.14523},
	language = {en},
	number = {6},
	urldate = {2022-03-28},
	journal = {Journal of Forensic Sciences},
	author = {Sampson, Asia and Sikes, Derek S.},
	year = {2020},
	pages = {2030--2035},
}



@article{backlund_new_1997,
	title = {New records of the endangered {American} burying beetle, {Nicrophorus} americanus {Olivier}, ({Coleoptera}: {Silphidae}) in {South} {Dakota}.},
	volume = {51},
	number = {1},
	journal = {The Coleopterists Bulletin},
	author = {Backlund, D.C. and Marrone, G.M.},
	year = {1997},
	pages = {53--58},
}

@article{Boothetal2014,
	title = {{BIOCLIM}: the first species distribution modelling package, its early applications and relevance to most current {MAXENT} studies.},
	volume = {20},
	journal = {Diversity and Distributions},
	author = {Booth, T.H. and Nix, H.A. and Busby, J.R. and Hutchinson, M.F.},
	year = {2014},
	pages = {1--9},
}

@book{bousquet_checklist_2013,
	title = {Checklist of {Beetles} ({Coleoptera}) of {Canada} and {Alaska}. {Second} {Edition}},
	publisher = {Pensoft Series Faunistica No 109, Sofia-Bulgaria, 402 pp. ISSN 1312-0174, ISBN 978-954-642-704-5},
	author = {Bousquet, Y. and Bouchard, P. and Davies, A.E. and Sikes, D.S.},
	year = {2013},
}

@article{FickHijmans2017,
	title = {{WorldClim} 2: new 1km spatial resolution climate surfaces for global land areas.},
	volume = {37},
	number = {12},
	journal = {International Journal of Climatology},
	author = {Fick, S.E and Hijmans, R.J.},
	year = {2017},
	pages = {4302--4315},
}

@article{GBIF2022a,
	title = {{GBIF} {Occurrence} {Download} (14 {January} 2022)},
	year = {2022},
	url = {https://doi.org/10.15468/dl.yfnk6b},
	author = {GBIF.org},
}

@article{gbiforg_northernmost_nodate,
	title = {Northernmost {Nicrophorus} guttula record from {UBCZ}},
	url = {https://www.gbif.org/occurrence/1632893502},
	author = {GBIF.org},
}

@article{GBIF2022c,
	title = {{GBIF} {Occurrence} {Download} (14 {January} 2022)},
	year = {2022},
	url = {https://doi.org/10.15468/dl.44zmq2},
	author = {GBIF.org},
}

@article{hatch_three_1945,
	title = {Three {Silphidae} in {British} {Columbia} ({Coleoptera}).},
	volume = {42},
	journal = {Proceedings of the Entomological Society of British Columbia},
	author = {Hatch, M.H.},
	year = {1945},
	pages = {15},
}

@Manual{Hijmansetal2021,
    title = {{dismo}: Species Distribution Modeling},
    author = {Robert J. Hijmans and Steven Phillips and John Leathwick and Jane Elith},
    year = {2021},
    note = {R package version 1.3-5},
    url = {https://CRAN.R-project.org/package=dismo},
  }

@article{Meeds2021,
	title = {A review of forensic entomology literature in {Alaska}, {United} {States}},
	volume = {3},
	number = {5},
	journal = {Forensic Science},
	author = {Meeds, A.W.},
	year = {2021},
	pages = {e1413},
}

@article{motulsky_graphpad_2022,
	title = {{GraphPad} {Statistics} {Guide}.  {Accessed} 14 {Jan} 2022.},
	url = {http://www.graphpad.com/guides/prism/7/statistics/index.htm},
	author = {Motulsky, H.J.},
	year = {2022},
}

@incollection{Nix1986,
	title = {A biogeographic analysis of {Australian} elapid snakes. {Atlas} of elapid snakes of {Australia}: {Australian} flora and fauna series 7 (ed. by {R}. {Longmore})},
	booktitle = {Bureau of {Flora} and {Fauna}, {Canberra}.},
	author = {Nix, H.A.},
	year = {1986},
	pages = {4--15.},
}

@article{Oliver2021,
	title = {A very brief introduction to species distribution models in {R}},
	url = {https://jcoliver.github.io/learn-r/011-species-distribution-models.html},
	author = {Oliver, J.},
	year = {2021},
}

@article{olson_terrestrial_2001,
	title = {Terrestrial {Ecoregions} of the {World}: {A} {New} {Map} of {Life} on {Earth}},
	volume = {51},
	issn = {0006-3568},
	shorttitle = {Terrestrial {Ecoregions} of the {World}},
	url = {https://academic.oup.com/bioscience/article/51/11/933-938/227116},
	doi = {10.1641/0006-3568(2001)051[0933:TEOTWA]2.0.CO;2},
	language = {en},
	number = {11},
	urldate = {2022-04-05},
	journal = {BioScience},
	author = {Olson, David M. and Dinerstein, Eric and Wikramanayake, Eric D. and Burgess, Neil D. and Powell, George V. N. and Underwood, Emma C. and D'amico, Jennifer A. and Itoua, Illanga and Strand, Holly E. and Morrison, John C. and Loucks, Colby J. and Allnutt, Thomas F. and Ricketts, Taylor H. and Kura, Yumiko and Lamoreux, John F. and Wettengel, Wesley W. and Hedao, Prashant and Kassem, Kenneth R.},
	year = {2001},
	pages = {933},
}

@article{peck_taxonomy_1985,
	title = {Taxonomy, phylogeny and biogeography of the carrion beetles of {Latin} {America} ({Coleoptera}: {Silphidae}).},
	volume = {21},
	number = {3},
	journal = {Quaestiones Entomologicae},
	author = {Peck, S.B. and Anderson, R.S.},
	year = {1985},
	pages = {247--317},
}

@article{peck_synopsis_1987,
	title = {A synopsis of the distribution and bionomics of the carrion beetles ({Coleoptera}: {Silphidae}) of the conterminous {United} {States}.},
	volume = {118},
	journal = {Proceedings of the Entomological Society of Ontario},
	author = {Peck, S.B. and Kaulbars, M.M.},
	year = {1987},
	pages = {47--81},
}

@Manual{RCoreTeam2020,
    title = {R: A Language and Environment for Statistical Computing},
    author = {{R Core Team}},
    organization = {R Foundation for Statistical Computing},
    address = {Vienna, Austria},
    year = {2020},
    url = {https://www.R-project.org/},
  }

@article{shorthouse_simplemappr_2010,
	title = {{SimpleMappr}, an online tool to produce publication-quality point maps.},
	url = {http://www.simplemappr.net},
	author = {Shorthouse, D.P.},
	year = {2010},
}

@article{Sikesetal2016,
title = {Cryptic diversity in the {New} {World} burying beetle fauna: {\textit{Nicrophorus}} hebes {Kirby}, 1837; new status as a resurrected name ({Coleoptera}: {Silphidae}: {Nicrophorinae}).},
volume = {74},
url = {https://www.senckenberg.de/wp-content/uploads/2019/08/05_asp_74_3_sikes_299-309.pdf},
number = {3},
journal = {Arthropod Systematics \& Phylogeny},
author = {Sikes, Derek S. and Trumbo, S. T. and Peck, S. B.},
pages = {299--309},
year = {2016}
}

@article{Sikesetal2002,
	title = {A catalog of the {Nicrophorinae} ({Coleoptera}: {Silphidae}) of the world},
	volume = {65},
	issn = {1175-5334, 1175-5326},
	shorttitle = {A catalog of the {Nicrophorinae} ({Coleoptera}},
	url = {https://biotaxa.org/Zootaxa/article/view/zootaxa.65.1.1},
	doi = {10.11646/zootaxa.65.1.1},
	number = {1},
	urldate = {2022-03-28},
	journal = {Zootaxa},
	author = {Sikes, Derek S. and Madge, Ronald B. and Newton, Alfred F.},
	year = {2002},
	pages = {1},
	file = {Full Text:/Users/dssikes/Zotero/storage/DABB2BYR/Sikes et al. - 2002 - A catalog of the Nicrophorinae (Coleoptera Silphi.pdf:application/pdf},
}

@article{SikesVenables2013,
	title = {Molecular phylogeny of the burying beetles ({Coleoptera}: {Silphidae}: {Nicrophorinae})},
	volume = {69},
	issn = {10557903},
	shorttitle = {Molecular phylogeny of the burying beetles ({Coleoptera}},
	url = {https://linkinghub.elsevier.com/retrieve/pii/S1055790313002996},
	doi = {10.1016/j.ympev.2013.07.022},
	language = {en},
	number = {3},
	urldate = {2022-03-28},
	journal = {Molecular Phylogenetics and Evolution},
	author = {Sikes, Derek S. and Venables, Chandra},
	year = {2013},
	pages = {552--565},
}

@article{stafford_visual_2013,
	title = {A visual method to identify significant latitudinal changes in species' distributions.},
	volume = {15},
	journal = {Ecological Informatics},
	author = {Stafford, R. and Hart, A.G. and Goodenough, A.E.},
	year = {2013},
	pages = {74--84},
}

@article{Waraniak2018,
	title = {Species {Distribution} {Modeling} in {R} {Tutorial}},
	url = {https://www.youtube.com/watch?v=1C1zVJO-Rk0},
	author = {Waraniak, J.},
	year = {2018},
}


