@article{AddisPeterson2005,
	title = {Phylogenetic relationships of freshwater sponges ({Porifera}, {Spongillina}) inferred from analyses of {18S} {rDNA}, {COI} {mtDNA}, and {ITS2} {rDNA} sequences},
	volume = {34},
	issn = {0300-3256},
	doi = {10.1111/j.1463-6409.2005.00211.x},
	number = {6},
	urldate = {2021-12-16},
	journal = {Zoologica Scripta},
	author = {Addis, John S. and Peterson, Kevin J.},
	month = nov,
	year = {2005},
	pages = {549--557}
}

@techreport{AlaskaRegionDataStewardshipTeam2020a,
	title = {Alaska {Region} {Interim} {Data} {Management} {User} {Guide} (v.3)},
	doi = {10.7944/P9JF0RT6},
	urldate = {2021-02-19},
	author = {{Alaska Region Data Stewardship Team}},
	year = {2020}
}

@techreport{AlaskaRegionDataStewardshipTeam2020b,
	title = {Alaska {Region} {Interim} {Metadata} {Guide}, V.2},
	url = {https://ak-region-dst.gitbook.io/alaska-region-mdeditor-interim-user-guide/},
	urldate = {2021-02-19},
	author = {{Alaska Region Data Stewardship Team}},
	year = {2020}
}

@article{Anderson1970,
	title = {Effects of rotenone on zooplankton communities and a study of their recovery patterns in two mountain lakes in {Alberta}},
	volume = {27},
	issn = {0015-296X},
	doi = {10.1139/f70-159},
	number = {8},
	urldate = {2021-10-25},
	journal = {Journal of the Fisheries Research Board of Canada},
	author = {Anderson, R. Stewart},
	year = {1970},
	note = {Publisher: NRC Research Press},
	pages = {1335--1356}
}

@techreport{Anderssonetal2020,
	author = {Andersson, A. F. and Bissett, A. and Finstad, A. G. and Fossøy, F. and Grosjean, M. and Hope, M. and Jeppesen, T. S. and Kõljalg, U and Lundin, D. and Nilsson, R. N. and Prager, M. and Svenningsen, C. and Schigel, D.},
	year = {2020},
	title = {Publishing DNA-derived data through biodiversity data platforms. v1.0},
	place = {Copenhagen},
	institution = {GBIF Secretariat},
	doi = {10.35035/doc-vf1a-nr22}
}

@book{Artaiz2021,
	address = {Soldotna, Alaska},
	title = {Laboratory notebook, {Oct} 4-21, 2021},
	url = {https://ecos.fws.gov/ServCat/Reference/Profile/143227},
	urldate = {2022-02-24},
	publisher = {USFWS Kenai National Wildlife Refuge},
	author = {Artaiz, Samuel I.},
	month = oct,
	year = {2021}
}

@techreport{Baxter1956,
	title = {Determine effectiveness of gill nets and sport Fish tackle in sampling of fish populations. {Work} {Plan} {No}. (d), {Job} {No}. 1.},
	doi = {10.7299/X7DZ08M1},
	institution = {{Alaska Department of Fish and Game}},
	author = {Baxter, Rae},
	year = {1956},
}

  @Book{Bivandetal2013,
    author = {Roger S. Bivand and Edzer Pebesma and Virgilio Gomez-Rubio},
    title = {Applied spatial data analysis with {R}, Second edition},
    year = {2013},
    publisher = {Springer, NY},
    url = {https://asdar-book.org/},
  }

  @Article{Bodenhoferetal2015,
    title = {{msa}: an {R} package for multiple sequence alignment},
    author = {Ulrich Bodenhofer and Enrico Bonatesta and Christoph Horejs-Kainrath and Sepp Hochreiter},
    journal = {Bioinformatics},
    volume = {31},
    number = {24},
    pages = {3997--3999},
    year = {2015},
    doi = {10.1093/bioinformatics/btv494},
  }

@book{Borroretal1989,
	address = {New York},
	edition = {Sixth},
	title = {An {Introduction} to the {Study} of {Insects}},
	publisher = {Harcourt Brace College Publishers},
	author = {Borror, D. J. and Triplehorn, C. A. and Johnson, N. F.},
	year = {1989}
}

@article{Bowles2006, 
place={Auckland, New Zealand}, 
title={Spongillaflies (Neuroptera: Sisyridae) of North America with a key to the larvae and adults}, 
volume={1357}, 
 DOI={10.11646/zootaxa.1357.1.1}, 
 number={1}, 
 journal={Zootaxa}, 
 author={Bowles, David E.},
 year={2006}, 
 pages={1-19} 
 }

@book{Bowser2022b,
	address = {Soldotna, Alaska},
	title = {Work {Journal} 2021},
	url = {https://ecos.fws.gov/ServCat/Reference/Profile/129253},
	urldate={2022-01-03},
	publisher = {U.S. Fish and Wildlife Service, Kenai National Wildlife Refuge},
	author = {Bowser, Matthew L.},
	year = {2022}
}

@article{Bowseretal2020,
	author = {Bowser, Matthew L. and Rebekah Brassfield and Annie Dziergowski and Todd Eskelin and Jennifer Hester and Magness, Dawn Robin and Mariah McInnis and Tracy Melvin and Morton, John M. and Joel Stone},
	title = {Towards conserving natural diversity: A biotic inventory by observations, specimens, {DNA} barcoding and high-throughput sequencing methods},
	volume = {8},
	year = {2020},
	doi = {10.3897/BDJ.8.e50124},
	publisher = {Pensoft Publishers},
	issn = {1314-2836},
	pages = {e50124},
	journal = {Biodiversity Data Journal}
}

@article{BowserBowser2020,
 author={Bowser, Matthew L. and Apphia M. Bowser},
 year={2020},
 title={A pilot study examining the diet of introduced Alaska blackfish ({\textit{Dallia pectoralis}} T. H. Bean, 1880) in {Kenai}, {Alaska}, by metabarcoding},
 journal={Newsletter of the Alaska Entomological Society},
 volume={13},
 number={1},
 pages={19--25},
 url={http://www.akentsoc.org/doc/AKES_newsletter_2020_n1_a07.pdf}
 }
 
@book{Bowser2022d,
	address = {Soldotna, Alaska},
	title = {Work {Journal} 2022},
	url = {https://ecos.fws.gov/ServCat/Reference/Profile/143245},
	urldate={2022-03-04},
	publisher = {U.S. Fish and Wildlife Service, Kenai National Wildlife Refuge},
	author = {Bowser, Matthew L.},
	year = {2022}
} 
 
@electronic{Bowser2022e,
  author = {Bowser, Matthew L.},
  year = {2022},
  title = {Invertebrate occurrences detected by metabarcoding from Miller Creek Watershed in 2021},
  url = {https://ecos.fws.gov/ServCat/Reference/Profile/143552},
  urldate = {2022-03-10}
} 

@electronic{Bowseretal2022,
	author = {Bowser, Mathew L. and Artaiz, Samuel I. and Danner, Jake M. and Dent, Kris K. and Meyer, Benjamin and Watts, Dom and Wyrick, Waren R.},
	year = {2022},
	title = {Metabarcoding Data from an Inventory of Freshwater Invertebrates from the Miller Creek Watershed, Kenai Peninsula, Alaska, USA. Version 1.3},
	publisher = {United States Geological Survey},
	doi = {10.15468/49v6yh},
	urldate = {2022-03-23}
}

@article{Brooks1957,
	address = {New Haven, Connecticut},
	journal = {Memoirs of the {Connecticut} {Academy} of {Arts} and {Sciences}},
	title = {The systematics of {North} {American} {\textit{Daphnia}}},
	volume = {13},
	publisher = {Connecticut Academy of Arts and Sciences},
	author = {Brooks, John Langdon},
	year = {1957},
	pages={1--180}
} 

  @Manual{BrunsdonChen2014,
    title = {GISTools: Some further GIS capabilities for {R}},
    author = {Chris Brunsdon and Hongyan Chen},
    year = {2014},
    note = {R package version 0.7-4},
    url = {https://CRAN.R-project.org/package=GISTools},
  }

@article{Buchneretal2021,
	author = {Dominik Buchner and Peter Haase and Florian Leese},
	title = {Wet grinding of invertebrate bulk samples – a scalable and cost-efficient protocol for metabarcoding and metagenomics},
	volume = {5},
	year = {2021},
	doi = {10.3897/mbmg.5.67533},
	pages = {e67533},
	journal = {Metabarcoding and Metagenomics}
}

@book{Burch1982,
	address = {Cincinnati, Ohio},
	title = {Freshwater {Snails} ({Mollusca}: {Gastropoda}) of {North} {America}},
	url = {https://nepis.epa.gov/Exe/ZyPURL.cgi?Dockey=10004R98.txt},
	urldate = {2022-02-24},
	publisher = {United States Environmental Protection Agency},
	author = {Burch, J. B.},
	year = {1982}
}

@article{Carewetal2018,
 title = {Can non-destructive DNA extraction of bulk invertebrate samples be used for metabarcoding?},
 author = {Carew, Melissa E. and Coleman, Rhys A. and Hoffmann, Ary A.},
 year = 2018,
 volume = 6,
 pages = {e4980},
 journal = {PeerJ},
 issn = {2167-8359},
 url = {https://doi.org/10.7717/peerj.4980},
 doi = {10.7717/peerj.4980}
}

  @Manual{Chamberlain2021,
    title = {{bold}: Interface to {Bold} {Systems} {API}},
    author = {Scott Chamberlain},
    year = {2021},
    note = {R package version 1.2.0},
    url = {https://CRAN.R-project.org/package=bold},
  }
  
  @Manual{Chamberlain2021b,
    title = {ritis: Integrated Taxonomic Information System Client},
    author = {Scott Chamberlain},
    year = {2021},
    note = {R package version 1.0.0},
    url = {https://CRAN.R-project.org/package=ritis},
  }  

 
@techreport{Chlupach1977,
	address = {Juneau, Alaska},
	type = {Federal Aid in Sport Fish Restoration, Annual Performance Report 1976-1977, Project F-9-9(18)G-III-D},
	title = {Population studies of game fish and evaluation of managed lakes in the upper {Cook} {Inlet} drainage},
	url = {http://www.adfg.alaska.gov/FedAidPDFs/fredF-9-9(18)G-III-D.pdf},
	number = {1976-1977, Project F-9-9(18)G-III-D},
	urldate = {2021-10-26},
	institution = {Alaska Department of Fish and Game, Sport Fish Division},
	author = {Chlupach, Robert S.},
	year = {1977}
} 
 
@book{Collet2008,
	address = {Soldotna, Alaska},
	title = {Insects of south-central {Alaska}},
	publisher = {Kenai Watershed Forum},
	author = {Collet, Dominique M.},
	year = {2008},
} 

@article{Crowell1961,
	title = {Catalogue of the distribution and ecological relationships of {North} {American} {Hydracarina}},
	volume = {93},
	doi = {10.4039/Ent93321-5},
	number = {5},
	journal = {The Canadian Entomologist},
	author = {Crowell, Robert M.},
	year = {1961},
	pages = {321--359}
}

  @Manual{Csardietal2021,
    title = {zip: Cross-platform `zip' compression},
    author = {Gábor Csárdi and Kuba Podgórski and Rich Geldreich},
    year = {2021},
    note = {R package version 2.2.0},
    url = {https://CRAN.R-project.org/package=zip},
  }

@article{Deineretal2017,
	title = {Environmental {DNA} metabarcoding: {Transforming} how we survey animal and plant communities},
	volume = {26},
	issn = {0962-1083},
	doi = {10.1111/mec.14350},
	number = {21},
	urldate = {2019-12-05},
	journal = {Molecular Ecology},
	author = {Deiner, Kristy and Bik, Holly M. and Mächler, Elvira and Seymour, Mathew and Lacoursière-Roussel, Anaïs and Altermatt, Florian and Creer, Simon and Bista, Iliana and Lodge, David M. and de Vere, Natasha and Pfrender, Michael E. and Bernatchez, Louis},
	year = {2017},
	pages = {5872--5895}
}

@article{Durfee2005,
	title = {Colorado {Haliplidae} ({Coleoptera}): Biogeography and identification},
	volume = {78},
	doi = {10.2317/0307.03.1},
	number = {1},
	journal = {Journal of the Kansas Entomological Society},
	author = {Richard S. Durfee and Sharon Knight Jasper and Boris C. Kondratieff},
	year = {2005},
	pages = {41--70}
} 

@article{Elbrechtetal2017,
author = {Elbrecht, Vasco and Peinert, Bianca and Leese, Florian},
title = {Sorting things out: Assessing effects of unequal specimen biomass on DNA metabarcoding},
journal = {Ecology and Evolution},
volume = {7},
number = {17},
pages = {6918-6926},
doi = {https://doi.org/10.1002/ece3.3192},
url = {https://onlinelibrary.wiley.com/doi/abs/10.1002/ece3.3192},
year = {2017}
}

@article {Elbrechtetal2020,
	author = {Elbrecht, Vasco and Bourlat, Sarah J. and H{\"o}rren, Thomas and Lindner, Angie and Mordente, Adriana and Noll, Niklas W. and Sorg, Martin and Zizka, Vera M. A.},
	title = {Pooling size sorted malaise trap fractions to maximise taxon recovery with metabarcoding},
	year = {2020},
	doi = {10.1101/2020.06.09.118950},
	publisher = {Cold Spring Harbor Laboratory},	
	URL = {https://www.biorxiv.org/content/early/2020/06/10/2020.06.09.118950},
	journal = {bioRxiv}
}

@article{ElbrechtLeese2017,
	title = {Validation and {Development} of {COI} {Metabarcoding} {Primers} for {Freshwater} {Macroinvertebrate} {Bioassessment}},
	volume = {5},
	issn = {2296-665X},
	doi = {10.3389/fenvs.2017.00011},
	journal = {Frontiers in Environmental Science},
	author = {Elbrecht, Vasco and Leese, Florian},
	year = {2017},
	pages = {11}
}

@book{Finlaysonetal2018,
	address = {Bethesda, Maryland},
	title = {Planning and {Standard} {Operating} {Procedures} for the {Use} of {Rotenone} in {Fish} {Management}: {Rotenone} \acr{{SOP}} {Manual}, 2nd {Edition}},
	url = {https://1fjduf35czd41a05pgltrtej-wpengine.netdna-ssl.com/rotenone-stewardship/wp-content/uploads/sites/45/2019/08/Rotenone-SOP-Manual-2nd-Edition.pdf},
	publisher = {American Fisheries Society},
	author = {Finlayson, B. and Skaar, D. and Anderson, J. and Carter, J and Duffield, D. and Flammang, M. and Jackson, C. and Overlock, J and Steinkjer, J. and Wilson, R.},
	year = {2018},
	urldate = {2020-02-11}
}

@book{GBIF2021b,
	title = {{GBIF} {Occurrence} {Download}},
	doi = {10.15468/dl.m77253},
	publisher = {GBIF.org},
	author = {{GBIF.org}},
	year = {2021}
}

@article{Geigeretal2021,
 title = {Coverage and quality of DNA barcode references for Central and Northern European Odonata},
 author = {Geiger, Matthias and Koblmüller, Stephan and Assandri, Giacomo and Chovanec, Andreas and Ekrem, Torbjørn and Fischer, Iris and Galimberti, Andrea and Grabowski, Michał and Haring, Elisabeth and Hausmann, Axel and Hendrich, Lars and Koch, Stefan and Mamos, Tomasz and Rothe, Udo and Rulik, Björn and Rewicz, Tomasz and Sittenthaler, Marcia and Stur, Elisabeth and Tończyk, Grzegorz and Zangl, Lukas and Moriniere, Jerome},
 year = 2021,
 month = may,
 volume = 9,
 pages = {e11192},
 journal = {PeerJ},
 doi = {10.7717/peerj.11192}
}

@article{Girardotetal2016,
	title = {Je, a versatile suite to handle multiplexed {NGS} libraries with unique molecular identifiers},
	volume = {17},
	issn = {1471-2105},
	doi = {10.1186/s12859-016-1284-2},
	number = {1},
	journal = {BMC Bioinformatics},
	author = {Girardot, Charles and Scholtalbers, Jelle and Sauer, Sajoscha and Su, Shu-Yi and Furlong, Eileen E.M.},
	month = oct,
	year = {2016},
	pages = {419}
}

  @Article{Guetal2014,
    title = {circlize implements and enhances circular visualization in R},
    author = {Zuguang Gu and Lei Gu and Roland Eils and Matthias Schlesner and Benedikt Brors},
    journal = {Bioinformatics},
    volume = {30},
    issue = {19},
    pages = {2811-2812},
    year = {2014},
	doi = {10.1093/bioinformatics/btu393}
  }

@article{Hajibabaeietal2019,
	title = {{COI} metabarcoding primer choice affects richness and recovery of indicator taxa in freshwater systems},
	volume = {14},
	doi = {10.1371/journal.pone.0220953},
	number = {9},
	journal = {PLOS ONE},
	author = {Hajibabaei, Mehrdad and Porter, Teresita M. and Wright, Michael and Rudar, Josip},
	month = sep,
	year = {2019},
	pages = {e0220953}
}

@book{Haneyetal2013,
	address = {Durham, New Hampshire},
	title = {An {Image}-{Based} {Key} {To} {The} {Zooplankton} {Of} {North} {America} {Version} 5.0},
	url = {http://cfb.unh.edu/cfbkey/html/index.html},
	urldate = {2021-10-27},
	publisher = {University of New Hampshire Center for Freshwater Biology},
	author = {James F. Haney and Maria A. Aliberti and Elisha Allan and Stephanie Allard and Darren J. Bauer and Wendy Beagen and Shane R. Bradt and Brady Carlson and Sonya C. Carlson and Uyen Mai Doan and Jon Dufresne and W. Travis Godkin and Sara Greene and Amy Kaplan and Erin Maroni and Shawn Melillo and Amanda L. Murby and Juliette L. Smith and Brian Ortman and Judith E. Quist and Shayle Reed and Tiffany Rowin and Monika Schmuck and Richard S. Stemberger and Breanna Travers},
	year = {2013},
}

@book{Hatch1953,
	series = {University of {Washington} {Publications} in {Biology}},
	title = {The {Beetles} of the {Pacific} {Northwest} : {Part} 1: {Introduction} and {Adephaga}},
	volume = {16},
	url = {http://hdl.handle.net/1957/13821},
	publisher = {University of Washington},
	author = {Hatch, M. H.},
	year = {1953}
}

@article{Hayford2005,
 ISSN = {00228567, 19372353},
 URL = {http://www.jstor.org/stable/25481829},
 author = {Barbara Hayford},
 journal = {Journal of the Kansas Entomological Society},
 number = {2},
 pages = {192--200},
 publisher = {Kansas (Central States) Entomological Society},
 title = {New Records of {Chironomidae} ({Insecta}: {Diptera}) from {Mongolia} with Review of Distribution and Biogeography of {Mongolian} {Chironomidae}},
 urldate = {2022-05-24},
 volume = {78},
 year = {2005}
}

@book{Herrington1962,
	series = {Miscellaneous {Publications}},
	title = {A {Revision} of the {Sphaeriidae} of {North} {America} ({Mollusca}: {Pelecypoda})},
	url = {https://deepblue.lib.umich.edu/bitstream/handle/2027.42/56362/MP118.pdf?sequence=1},
	number = {118},
	urldate = {2022-02-28},
	publisher = {Museum of Zoology, University of Michigan},
	author = {Herrington, H. B.},
	address = {Ann Arbor, Michigan},
	year = {1962}
}

@misc{ITIS2021,
	title = {{Integrated} {Taxonomic} {Information} {System} ({ITIS})},
	url = {http://www.itis.gov/},
	urldate = {2021-12-09},
	publisher = {Integrated Taxonomic Information System},
	author = {{Integrated Taxonomic Information System}},
	shortauthor={ITIS},
	year = {2021},
	doi={10.5066/F7KH0KBK}
}

@article{Jietal2013,
	title = {Reliable, verifiable and efficient monitoring of biodiversity via metabarcoding},
	volume = {16},
	issn = {1461-0248},
	doi = {10.1111/ele.12162},
	journal = {Ecology Letters},
	author = {Ji, Yinqiu and Ashton, Louise and Pedley, Scott M. and Edwards, David P. and Tang, Yong and Nakamura, Akihiro and Kitching, Roger and Dolman, Paul M. and Woodcock, Paul and Edwards, Felicity A. and Larsen, Trond H. and Hsu, Wayne W. and Benedick, Suzan and Hamer, Keith C. and Wilcove, David S. and Bruce, Catharine and Wang, Xiaoyang and Levi, Taal and Lott, Martin and Emerson, Brent C. and Yu, Douglas W.},
	year = {2013},
	pages = {1245--1257}
}

  @Manual{Jimenez2021,
    title = {{odseq}: Outlier detection in multiple sequence alignments},
    author = {Jos\'{e} Jim\'{e}nez},
    year = {2021},
    note = {R package version 1.22.0},
  }

@article{Kenner2009,
	title = {\textit{Haliplus leechi}  {Wallis} and  {\textit{H}}.\ \textit{salmo}  {Wallis}: a new synonymy and sexual dimorphism in the relative eye separation ({Coleoptera}: {Haliplidae})},
	url = {https://journal.entsocbc.ca/index.php/journal/article/view/24},
	journal = {Journal of the Entomological Society of British Columbia},
	volume = {106},
	author = {Kenner, Rex D.},
	year = {2009}
}

@article{Kiseretal1963,
	title = {The effect of rotenone on zooplankton populations in freshwater lakes},
	volume = {92},
	issn = {0002-8487},
	doi = {10.1577/1548-8659(1963)92[17:TEOROZ]2.0.CO;2},
	number = {1},
	urldate = {2021-10-25},
	journal = {Transactions of the American Fisheries Society},
	author = {Kiser, R. W. and Donaldson, John R. and Olson, Paul R.},
	month = jan,
	year = {1963},
	note = {Publisher: John Wiley \& Sons, Ltd},
	pages = {17--24}
}

@techreport{KNWR2021,
	address = {Soldotna, Alaska},
	title = {Draft {Environmental} {Assessment}: {Northern} {Pike} {Management} in the {Miller} {Creek} {Watershed} on {Kenai} {NWR}},
	url = {https://www.fws.gov/uploadedFiles/Region_7/NWRS/Zone_2/Kenai/PDF/Draft%20EA%20Northern%20Pike%20KNWR.pdf},
	urldate = {2021-07-16},
	institution = {U.S. Fish \& Wildlife Service, Kenai National Wildlife Refuge},
	author = {{Kenai National Wildlife Refuge}},
	month = mar,
	year = {2021}
}

@article{Lerayetal2013,
	title = {A new versatile primer set targeting a short fragment of the mitochondrial {COI} region for metabarcoding metazoan diversity: application for characterizing coral reef fish gut contents},
	volume = {10},
	issn = {1742-9994},
	doi = {10.1186/1742-9994-10-34},
	number = {1},
	journal = {Frontiers in Zoology},
	author = {Leray, Matthieu and Yang, Joy Y. and Meyer, Christopher P. and Mills, Suzanne C. and Agudelo, Natalia and Ranwez, Vincent and Boehm, Joel T. and Machida, Ryuji J.},
	month = jun,
	year = {2013},
	pages = {34}
}

@article{Mackenzieetal2002,
	title = {Estimating site occupancy rates when detection probabilities are less than one.},
	volume = {83},
	doi = {10.1890/0012-9658(2002)083[2248:ESORWD]2.0.CO;2},
	number = {8},
	journal = {Ecology},
	author = {MacKenzie, D. I. and Nichols, J. D. and Lachman, G. B. and Droege, S. and Royle, J. A. and Langtimm, C. A.},
	year = {2002},
	pages = {2248--2255}
}

@book{Mackenzieetal2006,
	address = {New York},
	title = {Occupancy {Estimation} and {Modeling}},
	publisher = {Elsevier},
	author = {MacKenzie, D. I. and Nichols, J. D. and Royle, J. A. and Pollock, K. H. and Bailey, L. L. and Hines, J. E.},
	year = {2006},
}

@book{Mackie2007,
	address = {Columbus, Ohio},
	series = {Bulletin {New} {Series}},
	title = {Biology of {Freshwater} {Corbiculid} and {Sphaeriid} {Clams} of {North} {America}},
	volume = {15},
	number = {3},
	publisher = {Ohio Biological Survey},
	author = {Mackie, Gerald L.},
	year = {2007},
}

@article{Marx1957,
	title = {A review of the subgenus \textit{{Donacia}} in the {Western} {Hemisphere} ({Coleoptera}, {Donaciidae})},
	volume = {112},
	url = {http://hdl.handle.net/2246/1253},
	journal = {Bulletin of the American Museum of Natural History},
	author = {Marx, Edward J. F.},
	year = {1957},
	keywords = {Chrysomelidae, Donaciinae},
	pages = {195--278}
}

@book{Mazzacano2008,
	address = {Portland, Oregon},
	title = {{\textit{Ephydatia}} \textit{cooperensis} ({Addis} \& {Peterson} 2005) {Porifera}: {Spongillidae}},
	url = {https://xerces.org/sites/default/files/2019-10/ephydatia_cooperensis.pdf},
	urldate = {2022-02-26},
	publisher = {The Xerces Society for Invertebrate Conservation},
	author = {Mazzacano, Celeste},
	year = {2008},
}

@techreport{Massengill2014,
	type = {Special {Publication}},
	title = {Control {Efforts} for {Invasive} {Northern} {Pike} on the {Kenai} {Peninsula}, 2009},
	url = {http://www.adfg.alaska.gov/FedAidPDFs/SP14-11.pdf},
	number = {14-11},
	urldate = {2021-02-16},
	author = {Massengill, Rob},
	year = {2014}
}

@techreport{Massengill2017,
	type = {Special {Publication}},
	title = {Stormy {Lake} {Restoration}: {Invasive} {Northern} {Pike} {Eradication}, 2012},
	url = {http://www.adfg.alaska.gov/FedAidPDFs/SP17-18.pdf},
	number = {17-18},
	urldate = {2021-02-16},
	institution = {Alaska Department of Fish and Game, Divisions of Sport Fish and Commercial Fisheries},
	author = {Massengill, Rob},
	year = {2017}
}

@article{Meixneretal2007,
	title = {Phylogenetic analysis of freshwater sponges provide evidence for endemism and radiation in ancient lakes},
	volume = {45},
	doi = {10.1016/j.ympev.2007.09.007},
	number = {3},
	journal = {Molecular Phylogenetics and Evolution},
	author = {Meixner, Martin J. and Lüter, Carsten and Eckert, Carsten and Itskovich, Valeria and Janussen, Dorte and von Rintelen, Thomas and Bohne, Alexandra V. and Meixner, Johannes M. and Hess, Wolfgang R.},
	year = {2007},
	pages = {875--886}
}

@book{MerrittCummins1996,
	address = {Dubuque, Iowa},
	edition = {Third},
	title = {An {Introduction} to the {Aquatic} {Insects} of {North} {America}},
	publisher = {Kendall/Hunt},
	editor = {Merritt, R. W. and Cummins, K. W.},
	year = {1996}
}

@book{Merrittetal2008,
	address = {Dubuque, Iowa},
	edition = {Fourth},
	title = {An {Introduction} to the {Aquatic} insects of {North} {America}},
	publisher = {Kendall/Hunt},
	editor = {Merritt, R. W. and Cummins, K. W. and Berg, M. B.},
	year = {2008}
}

@techreport{Meyer2021,
	author={Meyer, Benjamin},
	year={2021},
	title={Vogel Lakes Complex Water Quality Data},
	institution={Kenai Watershed Forum},
	url={https://rpubs.com/kwf/vogel_lakes_complex_wqx},
	urldate={2021-02-20}
	}
	
@book{NRPC2014,
 title={701 {FW} 2
{Inventory} and Monitoring in the {National} {Wildlife} {Refuge} {System}},
 author={{Natural Resource Program Center}},
 shortauthor={NRPC},
 year={2014},
 urldate={2021-12-09},
 url={https://www.fws.gov/policy/701fw2.html},
 address={Washington, DC},
 publisher={Natural Resource Program Center}
 } 

@manual{NRPC2019,
 title={{FWSpecies} User Guide},
 author={{Natural Resource Program Center}},
 shortauthor={NRPC},
 year={2019},
 urldate={2021-12-09},
 url={https://ecos.fws.gov/ServCat/Reference/Profile/110876},
 address={Washington, DC},
 publisher={Natural Resource Program Center}
 } 	
	
  @Manual{Ooms2021,
    title = {openssl: Toolkit for Encryption, Signatures and Certificates Based on
OpenSSL},
    author = {Jeroen Ooms},
    year = {2021},
    note = {R package version 1.4.6},
    url = {https://CRAN.R-project.org/package=openssl},
  }	
	
  @Manual{Pagesetal2021,
    title = {Biostrings: Efficient manipulation of biological strings},
    author = {H. Pagès and P. Aboyoun and R. Gentleman and S. DebRoy},
    year = {2021},
    note = {R package version 2.62.0},
    url = {https://bioconductor.org/packages/Biostrings},
  }	
  
  @Article{ParadisSchliep2019,
    title = {{ape} 5.0: an environment for modern phylogenetics and evolutionary analyses in {R}},
    author = {E. Paradis and K. Schliep},
    journal = {Bioinformatics},
    year = {2019},
    volume = {35},
    pages = {526-528},
  }
  
@Article{Pebesma2018,
    author = {Edzer Pebesma},
    title = {{Simple Features for R: Standardized Support for Spatial Vector Data}},
    year = {2018},
    journal = {{The R Journal}},
    doi = {10.32614/RJ-2018-009},
    url = {https://doi.org/10.32614/RJ-2018-009},
    pages = {439--446},
    volume = {10},
    number = {1},
  }  

  @Article{PebesmaBivand2005,
    author = {Edzer J. Pebesma and Roger S. Bivand},
    title = {Classes and methods for spatial data in {R}},
    journal = {R News},
    year = {2005},
    volume = {5},
    number = {2},
    pages = {9--13},
    month = {November},
    url = {https://CRAN.R-project.org/doc/Rnews/},
  }  
	
@software{Porter2017,
  author       = {Teresita M. Porter},
  title        = {Eukaryote {CO1} Reference Set For The {RDP} Classifier},
  month        = dec,
  year         = 2017,
  publisher    = {Zenodo},
  version      = {v4.0.1},
  doi          = {10.5281/zenodo.4741447}
}	

@article{PorterHajibabaei2018,
	title = {Automated high throughput animal {CO1} metabarcode classification},
	volume = {8},
	issn = {2045-2322},
	doi = {10.1038/s41598-018-22505-4},
	number = {1},
	journal = {Scientific Reports},
	author = {Porter, Teresita M. and Hajibabaei, Mehrdad},
	month = mar,
	year = {2018},
	pages = {4226},
}
	
@article {PorterHajibabaei2020,
	author = {Porter, Teresita M. and Hajibabaei, Mehrdad},
	title = {METAWORKS: A flexible, scalable bioinformatic pipeline for multi-marker biodiversity assessments},
	elocation-id = {2020.07.14.202960},
	year = {2020},
	doi = {10.1101/2020.07.14.202960},
	publisher = {Cold Spring Harbor Laboratory},
	journal = {bioRxiv}
}

@Manual{RCoreTeam2021,
    title = {R: A Language and Environment for Statistical Computing},
    author = {{R Core Team}},
    organization = {R Foundation for Statistical Computing},
    address = {Vienna, Austria},
    year = {2021},
    url = {https://www.R-project.org/},
  }

@techreport{Rach1988,
	address = {La Crosse, Wisconsin},
	type = {Report},
	title = {Acute and chronic toxicity of {Rotenone} to \textit{{Daphnia} magna}},
	url = {http://pubs.er.usgs.gov/publication/ifc92},
	language = {ENGLISH},
	number = {92},
	institution = {U.S.\ Fish and Wildlife Service, National Fisheries Research Center},
	author = {Rach, J.J. and Bills, T.D. and Marking, Leif L.},
	year = {1988}
}

@book{Reid1987,
	address = {New York},
	series = {Golden {Guide}},
	title = {Pond {Life}},
	publisher = {Golden Press},
	author = {Reid, George K.},
	editor = {Zim, Herbert S. and Fichter, George S.},
	year = {1987}
}

@incollection{Rileyetal2002,
	address = {Boca Raton, Florida},
	title = {Chrysomelidae {Latreille} 1802},
	booktitle = {American beetles, {Volume} 2. {Polyphaga}: {Scarabaeoidea} through {Curculionoidea}},
	publisher = {CRC Press},
	author = {Riley, Edward G. and Clark, Shawn M. and Flowers, R. Wills and Gilbert, Arthur J.},
	editor = {Arnett, Jr., Ross H. and Thomas, Michael C. and Skelley, Paule E. and Frank, J. Howard},
	year = {2002},
	pages = {617--691},
}

@incollection{Roughley2000,
	address = {Boca Raton, Florida},
	title = {Haliplidae {Aub\'{e}}, 1836},
	booktitle = {American {Beetles}, 1. {Archeostemata}, {Myxophaga}, {Adephaga}, {Polyphaga}: {Staphyliniformia}},
	publisher = {CRC Press},
	author = {Roughley, R. E.},
	editor = {Arnett, Jr., Ross H. and Thomas, Michael C. },
	year = {2000},
	pages = {138--143}
}

@techreport{SANPCC2007,
	title = {Management plan for invasive {Northern} {Pike} in {Alaska}},
	url = {http://www.sf.adfg.state.ak.us/Static/invasive_species/PDFs/pike_management_plan.pdf},
	institution = {Southcentral Alaska Northern Pike Control Committee},
	author = {{Southcentral Alaska Northern Pike Control Committee}},
	year = {2007}
}

@incollection{Smithetal2011,
	title = {Mites ({Acari}) of the {Montane} {Cordillera} {Ecozone}},
	url = {https://royalbcmuseum.bc.ca/assets/Montane-Cordillera-Ecozone.pdf},
	urldate = {2022-05-24},
	booktitle = {Assessment of {Species} {Diversity} in the {Montane} {Cordillera} {Ecozone}},
	author = {Smith, Ian M. and Lindquist, Evert E. and Behan-Pelletier, Valerie},
	editor = {Scudder, G. G. E. and Smith, I. M.},
	year = {2011},
	pages = {193--268},
}

@electronic{Sikes2022,
 author = {Sikes, D.},
 year = {2022},
 title = {UAM Insect Observations (Arctos). Version 36.58},
 doi = {10.15468/8nv0mp},
 urldate = {2022-03-10}
}

@article{SweetmanSmol2006,
	title = {Patterns in the distribution of {Cladocerans} ({Crustacea}: {Branchiopoda}) in lakes across a north–south transect in {Alaska}, {USA}},
	volume = {553},
	issn = {1573-5117},
	doi = {10.1007/s10750-005-1333-8},
	number = {1},
	journal = {Hydrobiologia},
	author = {Sweetman, Jon N. and Smol, John P.},
	year = {2006},
	pages = {277--291}
}

@article{Turunenetal2021,
	author = {Jarno Turunen and Heikki Mykrä and Vasco Elbrecht and Dirk Steinke and Thomas Braukmann and Jukka Aroviita},
	title = {The power of metabarcoding: Can we improve bioassessment and biodiversity surveys of stream macroinvertebrate communities?},
	volume = {5},
	year = {2021},
	doi = {10.3897/mbmg.5.68938},
	pages = {e68938},
	journal = {Metabarcoding and Metagenomics}
}

  @Manual{UrbanekTso2021,
    title = {uuid: Tools for Generating and Handling of UUIDs},
    author = {Simon Urbanek and Theodore Ts'o},
    year = {2021},
    note = {R package version 1.0-3},
    url = {https://CRAN.R-project.org/package=uuid},
  }
  
@book{USFWSNRPC2019,
	address = {Fort Collins, Colorado},
	title = {{FWSpecies} {User} {Guide}},
	url = {https://ecos.fws.gov/ServCat/DownloadFile/216169},
	urldate = {2022-05-13},
	publisher = {{U.S. Fish and Wildlife Service, Natural Resource Program Center}},
	author = {{USFWS Natural Resource Program Center}},
	year = {2019},
}  

@techreport{USGSARC2021,
	title = {{USGS} {Yeti} {Supercomputer}},
	doi = {10.5066/F7D798MJ},
	urldate = {2021-02-22},
	institution = {U.S. Geological Survey},
	author = {{USGS Advanced Research Computing}},
	year = {2021}
}	
	
@article{Vamosetal2017,
	author = {Vamos, Ecaterina Edith  and Vasco Elbrecht and Florian Leese},
	title = {Short \acr{COI} markers for freshwater macroinvertebrate metabarcoding},
	volume = {1},
	year = {2017},
	doi = {10.3897/mbmg.1.14625},
	publisher = {Pensoft Publishers},
	pages = {e14625},
	journal = {Metabarcoding and Metagenomics}
}

@book{Walker1953,
	address = {Toronto, Ontario},
	title = {The {Odonata} of {Canada} and {Alaska}, {Volume} {One}: {Part} {I}: {General}, {Part} {II}: {The} {Zygoptera} of {Canada} and {Alaska}},
	volume = {1},
	publisher = {University of Toronto Press},
	author = {Walker, Edmund M.},
	year = {1953},
}

@article{Wallis1933,
	title = {Revision of the {North} {American} species (north of {Mexico}) of the genus \textit{{Haliplus}} {Latreille}},
	volume = {19},
	number = {1},
	journal = {Transactions of the Royal Canadian Institute},
	author = {Wallis, J. B.},
	year = {1933},
	pages = {1--76}
}

@article{Wangetal2007,
	title = {Naïve {Bayesian} classifier for rapid assignment of {rRNA} sequences into the new bacterial taxonomy},
	volume = {73},
	doi = {10.1128/AEM.00062-07},
	number = {16},
	journal = {Applied and Environmental Microbiology},
	author = {Wang, Qiong and Garrity, George M. and Tiedje, James M. and Cole, James R.},
	month = aug,
	year = {2007},
	pages = {5261}
}

  @Article{Wangetal2020,
    title = {treeio: an R package for phylogenetic tree input and output with richly annotated and associated data.},
    author = {Li-Gen Wang and Tommy Tsan-Yuk Lam and Shuangbin Xu and Zehan Dai and Lang Zhou and Tingze Feng and Pingfan Guo and Casey W. Dunn and Bradley R. Jones and Tyler Bradley and Huachen Zhu and Yi Guan and Yong Jiang and Guangchuang Yu},
    year = {2020},
    journal = {Molecular Biology and Evolution},
    volume = {37},
    issue = {2},
    pages = {599-603},
    doi = {10.1093/molbev/msz240},
  }

@book{White1983,
	address = {New York},
	title = {A {Field} {Guide} to the {Beetles} of {North} {America}},
	publisher = {Houghton Mifflin Company},
	author = {White, Richard E.},
	year = {1983}
}

@Article{Wickham2007,
    title = {Reshaping data with the {reshape} package},
    author = {Hadley Wickham},
    journal = {Journal of Statistical Software},
    year = {2007},
    volume = {21},
    number = {12},
    pages = {1--20},
    url = {http://www.jstatsoft.org/v21/i12/},
  }

@article{Yangetal2017,
	title = {Zooplankton community profiling in a eutrophic freshwater ecosystem-{Lake} {Tai} {Basin} by {DNA} metabarcoding},
	volume = {7},
	issn = {2045-2322},
	doi = {10.1038/s41598-017-01808-y},
	number = {1},
	journal = {Scientific Reports},
	author = {Yang, Jianghua and Zhang, Xiaowei and Xie, Yuwei and Song, Chao and Zhang, Yong and Yu, Hongxia and Burton, G. Allen},
	month = may,
	year = {2017},
	pages = {1773}
}

  @Article{Yu2020,
    title = {Using ggtree to Visualize Data on Tree-Like Structures},
    author = {Guangchuang Yu},
    year = {2020},
    journal = {Current Protocols in Bioinformatics},
    volume = {69},
    pages = {e96},
    number = {1},
    url = {https://currentprotocols.onlinelibrary.wiley.com/doi/abs/10.1002/cpbi.96},
    doi = {10.1002/cpbi.96},
  }
  
  @Article{Yuetal2017,
    title = {{ggtree}: an {R} package for visualization and annotation of phylogenetic trees with their covariates and other associated data.},
    author = {Guangchuang Yu and David Smith and Huachen Zhu and Yi Guan and Tommy Tsan-Yuk Lam},
    year = {2017},
    journal = {Methods in Ecology and Evolution},
    volume = {8},
    issue = {1},
    pages = {28-36},
    doi = {10.1111/2041-210X.12628}
  }  
  
  @Article{Yuetal2018,
    title = {Two methods for mapping and visualizing associated data on phylogeny using ggtree.},
    author = {Guangchuang Yu and Tommy Tsan-Yuk Lam and Huachen Zhu and Yi Guan},
    year = {2018},
    journal = {Molecular Biology and Evolution},
    volume = {35},
    issue = {2},
    pages = {3041-3043},
    doi = {10.1093/molbev/msy194},
  }  
  
@article{Zafeiropoulosetal2021,
	author = {Haris Zafeiropoulos and Laura Gargan and Sanni Hintikka and Christina Pavloudi and Jens Carlsson},
	title = {The Dark mAtteR iNvestigator (DARN) tool: getting to know the known unknowns in COI amplicon data},
	volume = {5},
	year = {2021},
	doi = {10.3897/mbmg.5.69657},
	pages = {e69657},
	journal = {Metabarcoding and Metagenomics}
}
  
@article{CriscuoloGribaldo2010, title={BMGE (Block Mapping and Gathering with Entropy): a new software for selection of phylogenetic informative regions from multiple sequence alignments}, volume={10}, ISSN={1471-2148}, DOI={10.1186/1471-2148-10-210}, number={1}, journal={BMC Evolutionary Biology}, publisher={Springer Nature}, author={Criscuolo, Alexis and Gribaldo, Simonetta}, year={2010}, pages={210}}

@article{DesperGascuel2002, title={Fast and accurate phylogeny reconstruction algorithms based on the minimum-evolution principle}, volume={9}, ISSN={1557-8666},  DOI={10.1089/106652702761034136}, number={5}, journal={Journal of Computational Biology}, publisher={Mary Ann Liebert Inc}, author={Desper, Richard and Gascuel, Olivier}, year={2002}, month={Oct}, pages={687–705}}

@article{Lefortetal2015, title={FastME 2.0: A comprehensive, accurate, and fast distance-based phylogeny inference program}, volume={32}, ISSN={1537-1719},  DOI={10.1093/molbev/msv150}, number={10}, journal={Molecular Biology and Evolution}, publisher={Oxford University Press (OUP)}, author={Lefort, Vincent and Desper, Richard and Gascuel, Olivier}, year={2015}, month={Jun}, pages={2798–2800}}

@article{Lemoineetal2018, title={Renewing Felsenstein’s phylogenetic bootstrap in the era of big data}, volume={556}, ISSN={1476-4687}, DOI={10.1038/s41586-018-0043-0}, number={7702}, journal={Nature}, publisher={Springer Nature}, author={Lemoine, F. and Domelevo Entfellner, J.-B. and Wilkinson, E. and Correia, D. and Dávila Felipe, M. and De Oliveira, T. and Gascuel, O.}, year={2018}, month={Apr}, pages={452–456}}

@article{KatohStandley2013, title={MAFFT multiple sequence alignment software version 7: Improvements in performance and usability}, volume={30}, ISSN={1537-1719}, DOI={10.1093/molbev/mst010}, number={4}, journal={Molecular Biology and Evolution}, publisher={Oxford University Press (OUP)}, author={Katoh, K. and Standley, D. M.}, year={2013}, month={Jan}, pages={772–780}}

@article{JunierZdobnov2010, title={The Newick utilities: high-throughput phylogenetic tree processing in the UNIX shell}, volume={26}, ISSN={1460-2059}, DOI={10.1093/bioinformatics/btq243}, number={13}, journal={Bioinformatics}, publisher={Oxford University Press (OUP)}, author={Junier, T. and Zdobnov, E. M.}, year={2010}, month={May}, pages={1669–1670}}
	