
@article{FjellbergBocher2006,
author = {Fjellberg, Arne and Bøcher, Jens},
year = {2006},
month = {01},
pages = {81--86},
title = {Biological observations of {\textit{Dorytomus imbecillus}} Faust, 1882, in {West} {Greenland} ({Coleoptera}, {Curculionidae})},
volume = {74},
journal = {Entomologiske Meddelelser},
url = {https://www.naturebob.com/sites/default/files/fjellberg__a.___j._bo__cher__2006.pdf}
}

@article{Letherman2011,
author = {Leatherman, Dave},
year = {2011},
title = {\textit{Dorytomus} Weevil Larvae in Cottonwood Catkins},
journal={Colorado Birds},
volume={45},
number={2},
pages={124--127},
url={https://www.naturebob.com/sites/default/files/CB_2011_45_2_Apr.pdf}
}

@article{Morris1969,
author={Morris, M. G.},
year = {1969},
title = {Notes on the life history of {\textit{Dorytomus hirtipennis}}},
journal = {The Entomologist’s Monthly Magazine},
volume = {105},
pages = {207--209}
}

@article{Morris1998,
author={Morris, M. G.},
year = {1998},
title = {Comparative aspects of the biology of three species of {\textit{Dorytomus}} ({Col.}, {Curculionidae}) associated with aspen, {\textit{Populus tremulae}}},
journal = {The Entomologist’s Monthly Magazine},
volume = {134},
pages = {197-213}
}

@book{OBrien1970,
	title = {A Taxonomic Revision of the Weevil Genus {\textit{Dorytomus}} in {North} {America} ({Coleoptera}: {Curculionidae})},
	series = {University of California Publications in Entomology},
	publisher = {University of California Press},
	address = {Berkeley, California},
	author = {Charles William O'Brien},
	year = {1970}
}

@article{Robbins1997,
author = {Robbins, John},
year = {1997},
title = {\textit{Dorytomus taeniatus} in the catkins of {\textit{Salix}}},
journal = {Cecidology},
volume = {12},
pages = {42--43}
}
