
@misc{Eiseman2016,
	title = {Rearing},
	url = {https://bugtracks.wordpress.com/rearing/},
	urldate = {2022-06-09},
	journal = {Bug Tracks},
	author = {Eiseman, Charley},
	year = {2016},
}

@article{Crosby1908,
	title = {Notes on a chalcid (\textit{{Syntomaspis} druparum} {Boh}.) infesting apple seeds},
	volume = {1},
	issn = {1938-2901, 0013-8746},
	url = {https://academic.oup.com/aesa/article-lookup/doi/10.1093/aesa/1.1.38},
	doi = {10.1093/aesa/1.1.38},
	language = {en},
	number = {1},
	urldate = {2023-03-22},
	journal = {Annals of the Entomological Society of America},
	author = {Crosby, Cyrus R.},
	month = mar,
	year = {1908},
	pages = {38},
	file = {Submitted Version:C\:\\Users\\akwenninger\\Zotero\\storage\\FZA5ZWIB\\Crosby - 1908 - Notes on a Chalcid (Syntomaspis druparum Boh.) Inf.pdf:application/pdf},
}

@article{Crosby1909,
	title = {On certain seed-infesting chalcis-flies},
	volume = {265},
	journal = {Cornell University Agricultural Experiment Station Bulletin},
	author = {Crosby, Cyrus R.},
	year = {1909},
	pages = {367--388},
	file = {Crosby - On certain seed-infesting chalcis flies.pdf:C\:\\Users\\akwenninger\\Zotero\\storage\\IJFTMY9U\\Crosby - On certain seed-infesting chalcis flies.pdf:application/pdf},
}

@article{Cushman1916,
	title = {\textit{{Syntomaspis} druparum}, the apple-seed chalcid},
	volume = {7},
	journal = {Journal of Agricultural Research},
	author = {Cushman, R. A.},
	year = {1916},
	pages = {487--502},
	file = {Cushman - 1916 - Syntomaspis druparum, the apple-seed chalci.pdf:C\:\\Users\\akwenninger\\Zotero\\storage\\7ALUNQPY\\Cushman - 1916 - Syntomaspis druparum, the apple-seed chalci.pdf:application/pdf},
}

@misc{Noyes2019,
	title = {Universal {Chalcidoidea} {Database}. {World} wide web electronic publication.},
	url = {http://www.nhm.ac.uk/chalcidoids},
	urldate = {2022-11-19},
	author = {Noyes, J. S.},
	year = {2019},
}

@article{Turnipseed1960,
	title = {Biology and control of the apple seed chalcid in {North} {Carolina}},
	volume = {53},
	issn = {1938-291X, 0022-0493},
	url = {http://academic.oup.com/jee/article/53/1/166/802998/Biology-and-Control-of-the-Apple-Seed-Chalcid-in},
	doi = {10.1093/jee/53.1.166},
	language = {en},
	number = {1},
	urldate = {2023-03-22},
	journal = {Journal of Economic Entomology},
	author = {Turnipseed, George F.},
	month = feb,
	year = {1960},
	pages = {166},
	file = {Turnipseed - 1960 - Biology and control of the apple seed chalcid in N.pdf:C\:\\Users\\akwenninger\\Zotero\\storage\\7USTSBDS\\Turnipseed - 1960 - Biology and control of the apple seed chalcid in N.pdf:application/pdf},
}

@article{Turnipseed1955,
	title = {The apple seed chalcid, its distribution and potentials as a pest of apples in {North} {Carolina}},
	volume = {48},
	issn = {1938-291X, 0022-0493},
	url = {http://academic.oup.com/jee/article/48/5/620/779572/The-Apple-Seed-Chalcid-Its-Distribution-and},
	doi = {10.1093/jee/48.5.620a},
	language = {en},
	number = {5},
	urldate = {2023-03-22},
	journal = {Journal of Economic Entomology},
	author = {Turnipseed, G. F. and Mitchell, T. B.},
	month = oct,
	year = {1955},
	pages = {620--621},
	file = {Turnipseed and Mitchell - 1955 - The apple seed chalcid, its distribution and poten.pdf:C\:\\Users\\akwenninger\\Zotero\\storage\\UELAHBII\\Turnipseed and Mitchell - 1955 - The apple seed chalcid, its distribution and poten.pdf:application/pdf},
}

@article{DeVereGraham1998,
	title = {Revision of the {European} species of \textit{{Torymus} } {Dalman} ({Hymenoptera}: {Torymidae})},
	volume = {317},
	shorttitle = {Revision of the {European} species of {Torymus} {Dalman} ({Hymenoptera}},
	url = {http://archive.org/details/zoologische-verhandelingen-317-001-202},
	language = {English},
	urldate = {2023-03-29},
	journal = {Zoologische Verhandelingen},
	author = {De Vere Graham, M. W. R. and Gijswijt, M. J.},
	year = {1998},
	pages = {1--202},
	file = {De Vere Graham and Gijswijt - 1998 - Revision of the European species of Torymus.pdf:C\:\\Users\\akwenninger\\Zotero\\storage\\3B8JE9EY\\De Vere Graham and Gijswijt - 1998 - Revision of the European species of Torymus.pdf:application/pdf},
}

@book{Grissell1976,
	address = {Berkeley},
	series = {University of {California} {Publications} in {Entomology}},
	title = {A revision of western {Nearctic} species of \textit{{Torymus} } {Dalman} ({Hymenoptera}, {Torymidae})},
	isbn = {978-0-520-09547-2},
	publisher = {University of California Press},
	author = {Grissell, Eric},
	year = {1976},
	keywords = {Classification, Insects, North America, Torymus},
	annote = {Includes index},
	file = {Grissell - 1976 - A revision of western Nearctic species of Torym.pdf:C\:\\Users\\akwenninger\\Zotero\\storage\\D8MDEVBP\\Grissell - 1976 - A revision of western Nearctic species of Torym.pdf:application/pdf},
}

@article{Twinn1935,
	title = {Summary of {Insect} {Conditions} in {Canada} in 1934},
	volume = {65},
	journal = {Report of the Entomological Society of Ontario},
	author = {Twinn, C. R. A.},
	year = {1935},
	pages = {112--128},
	file = {PDF:C\:\\Users\\akwenninger\\Zotero\\storage\\47WMJFX9\\Twinn - 1935 - Summary of Insect Conditions in Canada in 1934.pdf:application/pdf},
}

@article{Boheman1834,
	title = {Skandinaviska {Pteromaliner}},
	volume = {54},
	journal = {Kungl. Svenska Vetenskapsakademiens Handlingar},
	author = {Boheman, C. H.},
	year = {1834},
	pages = {329--380},
	file = {PDF:C\:\\Users\\akwenninger\\Zotero\\storage\\MS99GLUS\\Boheman - 1834 - Skandinaviska Pteromaliner.pdf:application/pdf},
}

@article{Walker1833,
	title = {Monographia {Chalcidum} ({Continued}.)},
	volume = {1},
	number = {2},
	journal = {Entomological Magazine},
	author = {Walker, Francis},
	year = {1833},
	pages = {122},
	file = {PDF:C\:\\Users\\akwenninger\\Zotero\\storage\\PLFMYGE4\\Walker - 1833 - Monographia Chalcidum (Continued).pdf:application/pdf},
}

@techreport{Pettit1922,
	address = {Lansing, Michigan},
	title = {61st {Annual} {Report} of the {Secretary} of the {State} {Board} of {Agriculture} of the {State} of {Michigan} and 35th {Annual} {Report} of the {Experiment} {Station} from {July} 1, 2021 to {June} 30, 1922, {Report} of the {Section} of {Entomology}},
	institution = {Michigan Agricultural College},
	author = {Pettit, R. H.},
	year = {1922},
	pages = {212},
	file = {PDF:C\:\\Users\\akwenninger\\Zotero\\storage\\T4WVUPHV\\Pettit - 1922 - 61st Annual Report of the Secretary of the State Board of Agriculture of the State of Michigan and 3.pdf:application/pdf},
}
