
@article{Audley2024,
	title = {Developing semiochemical repellents for protecting {Picea} from {Dendroctonus} rufipennis ({Coleoptera}: {Curculionidae}) in {Alaska} and {Utah}, {USA}},
	volume = {117},
	doi = {https://doi.org/10.1093/jee/toae070},
	number = {3},
	journal = {Journal of Economic Entomology},
	author = {Audley, Jackson P and Fettig, Christopher J and Moan, Jason E and Moan, Jessie and Swenson, Steve and Munson, A Steven and Mortenson, Leif A and Blackford, Darren C and Graham, Elizabeth E and Mafra-Neto, Agenor},
	year = {2024},
	note = {Publisher: Oxford University Press US},
	pages = {1022--1031},
}

@incollection{Bleiker2021,
	address = {Victoria, British Columbia},
	title = {Taxonomy and {Outbreak} {History}},
	booktitle = {Spruce beetle: {A} synthesis of biology, ecology, and management in {Canada}},
	publisher = {Natural Resources Canada},
	author = {Bleiker, Katherine Patricia},
	editor = {Bleiker, Katherine Patricia and Brooks, Julie E.},
	year = {2021},
	pages = {5--24},
}

@article{Bentz2000,
	title = {Spruce beetle population suppression in northern {Utah}},
	volume = {15},
	doi = {https://doi.org/10.1093/wjaf/15.3.122},
	number = {3},
	journal = {Western Journal of Applied Forestry},
	author = {Bentz, BJ and Munson, AS},
	year = {2000},
	note = {Publisher: Oxford University Press},
	pages = {122--128},
}

@article{Fettig2021,
	title = {Conifer bark beetles},
	volume = {31},
	doi = {https://doi.org/10.1016/j.cub.2021.03.039},
	number = {9},
	journal = {Current Biology},
	author = {Fettig, Christopher J and Audley, Jackson P},
	year = {2021},
	note = {Publisher: Elsevier},
	pages = {415--429},
}

@article{Fettig2023,
	title = {Applied chemical ecology of the western pine beetle, an important pest of ponderosa pine in western north {America}},
	volume = {14},
	doi = {https://doi.org/10.3390/f14040757},
	number = {4},
	journal = {Forests},
	author = {Fettig, Christopher J and Audley, Jackson P and Homicz, Crystal S and Progar, Robert A},
	year = {2023},
	note = {Publisher: MDPI},
	pages = {757--772},
}

@incollection{Fettig2015,
	address = {London},
	title = {Management strategies for bark beetles in conifer forests},
	booktitle = {Bark beetles: {Biology} and ecology of native and invasive species},
	publisher = {Academic Press},
	author = {Fettig, Christopher J and Hilszczański, Jacek},
	editor = {Vega, F.E. and Hofstetter, R.W.},
	year = {2015},
	pages = {555--584},
}

@article{Foote2020,
	title = {A biodegradable formulation of {MCH} (3-methylcyclohex-2-en-1-one) for protecting {Pseudotsuga} menziesii from {Dendroctonus} pseudotsugae ({Coleoptera}: {Curculionidae}) colonization},
	volume = {113},
	doi = {https://doi.org/10.1093/jee/toaa061},
	number = {4},
	journal = {Journal of economic entomology},
	author = {Foote, Gabriel G and Fettig, Christopher J and Ross, Darrell W and Runyon, Justin B and Coleman, Tom W and Gaylord, Monica L and Graves, Andrew D and McMillin, Joel D and Mortenson, Leif A and Mafra-Neto, Agenor},
	year = {2020},
	note = {Publisher: Oxford University Press US},
	pages = {1858--1863},
}

@article{Fruhbrodt2024,
	title = {Verbenone—{The} universal bark beetle repellent? {Its} origin, effects, and ecological roles},
	volume = {97},
	doi = {https://doi.org/10.1007/s10340-023-01635-3},
	number = {1},
	journal = {Journal of Pest Science},
	author = {Frühbrodt, Tobias and Schebeck, Martin and Andersson, Martin N and Holighaus, Gerrit and Kreuzwieser, Jürgen and Burzlaff, Tim and Delb, Horst and Biedermann, Peter HW},
	year = {2024},
	note = {Publisher: Springer},
	pages = {35--71},
}

@misc{Holsten1999,
	title = {The spruce beetle. {Forest} {Insect} and {Disease} {Leaflet} 127},
	publisher = {USDA Forest Service, Washington, DC},
	author = {Holsten, EH and Thier, RW and Munson, AS and Gibson, KE},
	year = {1999},
	note = {Publisher: USDA Forest Service, Washington, DC},
}

@article{Huber2021,
	title = {Disruption of coniferophagous bark beetle ({Coleoptera}: {Curculionidae}: {Scolytinae}) mass attack using angiosperm nonhost volatiles: from concept to operational use},
	volume = {153},
	doi = {https://doi:10.4039/tce.2020.63},
	number = {1},
	journal = {The Canadian Entomologist},
	author = {Huber, Dezene PW and Fettig, Christopher J and Borden, John H},
	year = {2021},
	note = {Publisher: Cambridge University Press},
	pages = {19--35},
}

@article{Jenkins2014,
	title = {Spruce beetle biology, ecology and management in the {Rocky} {Mountains}: an addendum to spruce beetle in the {Rockies}},
	volume = {5},
	doi = {https://doi.org/10.3390/f5010021},
	number = {1},
	journal = {Forests},
	author = {Jenkins, Michael J and Hebertson, Elizabeth G and Munson, A Steven},
	year = {2014},
	note = {Publisher: MDPI},
	pages = {21--71},
}

@article{Ott2021,
	title = {Physical and chemical characteristics of blue and {Engelmann} spruce relative to spruce beetle host selection and colonization},
	volume = {479},
	doi = {https://doi.org/10.1016/j.foreco.2020.118577},
	journal = {Forest Ecology and Management},
	author = {Ott, Daniel S and Fettig, Christopher J and Munson, A Steven and Runyon, Justin B and Ross, Darrell W},
	year = {2021},
	note = {Publisher: Elsevier},
	pages = {118577},
}

@article{Progar2014,
	title = {Applied chemical ecology of the mountain pine beetle},
	volume = {60},
	doi = {https://doi.org/10.5849/forsci.13-010},
	number = {3},
	journal = {Forest Science},
	author = {Progar, Robert A and Gillette, Nancy and Fettig, Christopher J and Hrinkevich, Kathryn},
	year = {2014},
	note = {Publisher: Oxford University Press Oxford, UK},
	pages = {414--433},
}

@article{Ross2021,
	title = {3-{Methylcyclohex}-2-en-1-one and the {Douglas}-fir beetle ({Coleoptera}: {Curculionidae}): history of successful bark beetle pheromone treatments},
	volume = {153},
	doi = {https://doi.org/10.4039/tce.2020.62},
	number = {1},
	journal = {The Canadian Entomologist},
	author = {Ross, Darrell W},
	year = {2021},
	note = {Publisher: Cambridge University Press},
	pages = {62--78},
}

@article{Seybold2018,
	title = {Management of western {North} {American} bark beetles with semiochemicals},
	volume = {63},
	doi = {https://doi:10.1146/annurev-ento-020117-043339},
	number = {1},
	journal = {Annual Review of Entomology},
	author = {Seybold, Steven J and Bentz, Barbara J and Fettig, Christopher J and Lundquist, John E and Progar, Robert A and Gillette, Nancy E},
	year = {2018},
	note = {Publisher: Annual Reviews},
	pages = {407--432},
}

@incollection{Keeling2021,
	address = {Victoria, British Columbia},
	title = {Host finding and communication},
	booktitle = {Spruce beetle: {A} synthesis of biology, ecology, and management in {Canada}},
	publisher = {Natural Resources Canada},
	author = {Keeling, C.I. and Bleiker, Katherine Patricia and Brooks, J.E.},
	editor = {Bleiker, Katherine Patricia and Brooks, Julie E.},
	year = {2021},
	pages = {53--66},
}
